<?xml version="1.0" encoding="UTF-8" ?>
<collection xmlns:marc="http://www.loc.gov/MARC21/slim"
    xmlns:xsi="http://www.w3.org/2001/XMLSchema-instance"
    xsi:schemaLocation="http://www.loc.gov/MARC21/slim http://www.loc.gov/standards/marcxml/schema/MARC21slim.xsd">
    <record>
        <leader>02841cam a2200649 a 4500</leader>
        <controlfield tag="001">ocm10656354 </controlfield>
        <controlfield tag="003">OCoLC</controlfield>
        <controlfield tag="005">20230522034302.0</controlfield>
        <controlfield tag="008">840517s1984    dcua     bs  f000 0 eng c</controlfield>
        <datafield tag="010" ind1=" " ind2=" ">
            <subfield code="a">   84602453 </subfield>
        </datafield>
        <datafield tag="040" ind1=" " ind2=" ">
            <subfield code="a">DGPO/DLC</subfield>
            <subfield code="b">eng</subfield>
            <subfield code="c">DLC</subfield>
            <subfield code="d">BTCTA</subfield>
            <subfield code="d">NLM</subfield>
            <subfield code="d">OCLCO</subfield>
            <subfield code="d">OCLCF</subfield>
            <subfield code="d">OCLCQ</subfield>
            <subfield code="d">OCLCO</subfield>
            <subfield code="d">OCLCQ</subfield>
            <subfield code="d">GILDS</subfield>
            <subfield code="d">OCLCO</subfield>
            <subfield code="d">OCL</subfield>
        </datafield>
        <datafield tag="016" ind1="7" ind2=" ">
            <subfield code="a">8408623</subfield>
            <subfield code="2">DNLM</subfield>
        </datafield>
        <datafield tag="019" ind1=" " ind2=" ">
            <subfield code="a">1225767167</subfield>
        </datafield>
        <datafield tag="035" ind1=" " ind2=" ">
            <subfield code="a">(OCoLC)10656354</subfield>
            <subfield code="z">(OCoLC)1225767167</subfield>
        </datafield>
        <datafield tag="043" ind1=" " ind2=" ">
            <subfield code="a">n-us---</subfield>
        </datafield>
        <datafield tag="050" ind1="0" ind2="0">
            <subfield code="a">HQ1064.U5</subfield>
            <subfield code="b">O418 1984</subfield>
        </datafield>
        <datafield tag="060" ind1="0" ind2="0">
            <subfield code="a">WT 30</subfield>
            <subfield code="b">O45 1984</subfield>
        </datafield>
        <datafield tag="074" ind1=" " ind2=" ">
            <subfield code="a">1009-B-1</subfield>
        </datafield>
        <datafield tag="074" ind1=" " ind2=" ">
            <subfield code="a">1009-C-1(MF)</subfield>
        </datafield>
        <datafield tag="082" ind1="0" ind2="0">
            <subfield code="a">353.0084/6</subfield>
            <subfield code="2">19</subfield>
        </datafield>
        <datafield tag="086" ind1="0" ind2=" ">
            <subfield code="a">Y 4.Ag 4:S.prt.98-168</subfield>
        </datafield>
        <datafield tag="049" ind1=" " ind2=" ">
            <subfield code="a">FCFQ</subfield>
        </datafield>
        <datafield tag="245" ind1="0" ind2="0">
            <subfield code="a">Older Americans and the federal budget :</subfield>
            <subfield code="b">past, present, and future : an information paper /</subfield>
            <subfield code="c">prepared by the staff of the Special Committee on Aging, United States Senate.</subfield>
        </datafield>
        <datafield tag="260" ind1=" " ind2=" ">
            <subfield code="a">Washington :</subfield>
            <subfield code="b">U.S. G.P.O.,</subfield>
            <subfield code="c">1984.</subfield>
        </datafield>
        <datafield tag="300" ind1=" " ind2=" ">
            <subfield code="a">v, 25 pages :</subfield>
            <subfield code="b">illustrations ;</subfield>
            <subfield code="c">24 cm.</subfield>
        </datafield>
        <datafield tag="336" ind1=" " ind2=" ">
            <subfield code="a">text</subfield>
            <subfield code="b">txt</subfield>
            <subfield code="2">rdacontent</subfield>
        </datafield>
        <datafield tag="337" ind1=" " ind2=" ">
            <subfield code="a">unmediated</subfield>
            <subfield code="b">n</subfield>
            <subfield code="2">rdamedia</subfield>
        </datafield>
        <datafield tag="338" ind1=" " ind2=" ">
            <subfield code="a">volume</subfield>
            <subfield code="b">nc</subfield>
            <subfield code="2">rdacarrier</subfield>
        </datafield>
        <datafield tag="490" ind1="1" ind2=" ">
            <subfield code="a">S. prt. ;</subfield>
            <subfield code="v">98-168</subfield>
        </datafield>
        <datafield tag="500" ind1=" " ind2=" ">
            <subfield code="a">At head of title: 98th Congress, 2d session. Committee print.</subfield>
        </datafield>
        <datafield tag="500" ind1=" " ind2=" ">
            <subfield code="a">Distributed to some depository libraries in microfiche.</subfield>
        </datafield>
        <datafield tag="500" ind1=" " ind2=" ">
            <subfield code="a">&quot;April 1984.&quot;</subfield>
        </datafield>
        <datafield tag="500" ind1=" " ind2=" ">
            <subfield code="a">G.P.O. sales statement incorrect in publication.</subfield>
        </datafield>
        <datafield tag="500" ind1=" " ind2=" ">
            <subfield code="a">Item 1009-B-1, 1009-C-1 (microfiche).</subfield>
        </datafield>
        <datafield tag="504" ind1=" " ind2=" ">
            <subfield code="a">Includes bibliographical references.</subfield>
        </datafield>
        <datafield tag="650" ind1=" " ind2="0">
            <subfield code="a">Older people</subfield>
            <subfield code="x">Government policy</subfield>
            <subfield code="z">United States.</subfield>
        </datafield>
        <datafield tag="650" ind1=" " ind2="0">
            <subfield code="a">Budget</subfield>
            <subfield code="z">United States.</subfield>
        </datafield>
        <datafield tag="650" ind1=" " ind2="0">
            <subfield code="a">Older people</subfield>
            <subfield code="z">United States</subfield>
            <subfield code="x">Economic conditions.</subfield>
        </datafield>
        <datafield tag="650" ind1=" " ind2="0">
            <subfield code="a">Older people.</subfield>
        </datafield>
        <datafield tag="650" ind1=" " ind2="2">
            <subfield code="a">Aged</subfield>
            <subfield code="0">(DNLM)D000368</subfield>
        </datafield>
        <datafield tag="650" ind1=" " ind2="2">
            <subfield code="a">Public Assistance</subfield>
            <subfield code="x">economics</subfield>
            <subfield code="0">(DNLM)D011632Q000191</subfield>
        </datafield>
        <datafield tag="650" ind1=" " ind2="2">
            <subfield code="a">Socioeconomic Factors</subfield>
            <subfield code="0">(DNLM)D012959</subfield>
        </datafield>
        <datafield tag="651" ind1=" " ind2="2">
            <subfield code="a">United States</subfield>
            <subfield code="0">(DNLM)D014481</subfield>
        </datafield>
        <datafield tag="650" ind1=" " ind2="2">
            <subfield code="a">Aged, 80 and over</subfield>
            <subfield code="0">(DNLM)D000369</subfield>
        </datafield>
        <datafield tag="650" ind1=" " ind2="6">
            <subfield code="a">Personnes âgées</subfield>
            <subfield code="0">(CaQQLa)201-0091717</subfield>
            <subfield code="x">Politique gouvernementale</subfield>
            <subfield code="0">(CaQQLa)201-0091717</subfield>
            <subfield code="z">États-Unis.</subfield>
            <subfield code="0">(CaQQLa)201-0407727</subfield>
        </datafield>
        <datafield tag="650" ind1=" " ind2="6">
            <subfield code="a">Personnes âgées</subfield>
            <subfield code="0">(CaQQLa)201-0092370</subfield>
            <subfield code="z">États-Unis</subfield>
            <subfield code="0">(CaQQLa)201-0092370</subfield>
            <subfield code="x">Conditions économiques.</subfield>
            <subfield code="0">(CaQQLa)201-0377391</subfield>
        </datafield>
        <datafield tag="650" ind1=" " ind2="6">
            <subfield code="a">Personnes âgées.</subfield>
            <subfield code="0">(CaQQLa)201-0005549</subfield>
        </datafield>
        <datafield tag="650" ind1=" " ind2="7">
            <subfield code="a">elderly.</subfield>
            <subfield code="2">aat</subfield>
            <subfield code="0">(CStmoGRI)aat300025913</subfield>
        </datafield>
        <datafield tag="650" ind1=" " ind2="7">
            <subfield code="a">Older people.</subfield>
            <subfield code="2">fast</subfield>
            <subfield code="0">(OCoLC)fst01199093</subfield>
        </datafield>
        <datafield tag="650" ind1=" " ind2="7">
            <subfield code="a">Budget.</subfield>
            <subfield code="2">fast</subfield>
            <subfield code="0">(OCoLC)fst00840336</subfield>
        </datafield>
        <datafield tag="650" ind1=" " ind2="7">
            <subfield code="a">Older people</subfield>
            <subfield code="x">Economic conditions.</subfield>
            <subfield code="2">fast</subfield>
            <subfield code="0">(OCoLC)fst01199102</subfield>
        </datafield>
        <datafield tag="650" ind1=" " ind2="7">
            <subfield code="a">Older people</subfield>
            <subfield code="x">Government policy.</subfield>
            <subfield code="2">fast</subfield>
            <subfield code="0">(OCoLC)fst01199109</subfield>
        </datafield>
        <datafield tag="651" ind1=" " ind2="7">
            <subfield code="a">United States.</subfield>
            <subfield code="2">fast</subfield>
            <subfield code="0">(OCoLC)fst01204155</subfield>
        </datafield>
        <datafield tag="710" ind1="1" ind2=" ">
            <subfield code="a">United States.</subfield>
            <subfield code="b">Congress.</subfield>
            <subfield code="b">Senate.</subfield>
            <subfield code="b">Special Committee on Aging.</subfield>
        </datafield>
        <datafield tag="776" ind1="0" ind2="8">
            <subfield code="i">Online version:</subfield>
            <subfield code="t">Older Americans and the federal budget.</subfield>
            <subfield code="d">Washington : U.S.G.P.O., 1984</subfield>
            <subfield code="w">(OCoLC)646909102</subfield>
        </datafield>
        <datafield tag="830" ind1=" " ind2="0">
            <subfield code="a">S. prt. ;</subfield>
            <subfield code="v">98-168.</subfield>
        </datafield>
        <datafield tag="994" ind1=" " ind2=" ">
            <subfield code="a">C0</subfield>
            <subfield code="b">FCF</subfield>
        </datafield>
    </record>