
    <record>
        <leader>02841cam a2200541 a 4500</leader>
        <controlfield tag="001">ocm10671791 </controlfield>
        <controlfield tag="003">OCoLC</controlfield>
        <controlfield tag="005">20230522034308.0</controlfield>
        <controlfield tag="008">840618s1984    dcu          f000 0 eng c</controlfield>
        <datafield tag="010" ind1=" " ind2=" ">
            <subfield code="a">   84602273 </subfield>
        </datafield>
        <datafield tag="040" ind1=" " ind2=" ">
            <subfield code="a">DGPO/DLC</subfield>
            <subfield code="b">eng</subfield>
            <subfield code="c">DLC</subfield>
            <subfield code="d">OCLCQ</subfield>
            <subfield code="d">BTCTA</subfield>
            <subfield code="d">OCLCO</subfield>
            <subfield code="d">OCLCA</subfield>
            <subfield code="d">OCLCF</subfield>
            <subfield code="d">OCLCQ</subfield>
            <subfield code="d">OCLCO</subfield>
            <subfield code="d">MTG</subfield>
            <subfield code="d">GILDS</subfield>
            <subfield code="d">WAU</subfield>
            <subfield code="d">OCLCO</subfield>
        </datafield>
        <datafield tag="019" ind1=" " ind2=" ">
            <subfield code="a">10699915</subfield>
        </datafield>
        <datafield tag="035" ind1=" " ind2=" ">
            <subfield code="a">(OCoLC)10671791</subfield>
            <subfield code="z">(OCoLC)10699915</subfield>
        </datafield>
        <datafield tag="043" ind1=" " ind2=" ">
            <subfield code="a">n-us---</subfield>
            <subfield code="a">cc-----</subfield>
            <subfield code="a">s------</subfield>
        </datafield>
        <datafield tag="050" ind1="0" ind2="0">
            <subfield code="a">UA609</subfield>
            <subfield code="b">.R47 1984</subfield>
        </datafield>
        <datafield tag="074" ind1=" " ind2=" ">
            <subfield code="a">1012-A</subfield>
        </datafield>
        <datafield tag="074" ind1=" " ind2=" ">
            <subfield code="a">1012-B(MF)</subfield>
        </datafield>
        <datafield tag="082" ind1="0" ind2="0">
            <subfield code="a">355/.0330729</subfield>
            <subfield code="2">19</subfield>
        </datafield>
        <datafield tag="086" ind1="0" ind2=" ">
            <subfield code="a">Y 4.Ar 5/2:D 37/10</subfield>
        </datafield>
        <datafield tag="049" ind1=" " ind2=" ">
            <subfield code="a">FCFQ</subfield>
        </datafield>
        <datafield tag="245" ind1="0" ind2="0">
            <subfield code="a">Report of the Delegation to Eastern Caribbean and South American Countries of the Committee on Armed Services, House of Representatives, Ninety-eighth Congress, second session.</subfield>
        </datafield>
        <datafield tag="260" ind1=" " ind2=" ">
            <subfield code="a">Washington :</subfield>
            <subfield code="b">U.S. G.P.O.,</subfield>
            <subfield code="c">1984.</subfield>
        </datafield>
        <datafield tag="300" ind1=" " ind2=" ">
            <subfield code="a">iii, 53 pages ;</subfield>
            <subfield code="c">24 cm</subfield>
        </datafield>
        <datafield tag="336" ind1=" " ind2=" ">
            <subfield code="a">text</subfield>
            <subfield code="b">txt</subfield>
            <subfield code="2">rdacontent</subfield>
        </datafield>
        <datafield tag="337" ind1=" " ind2=" ">
            <subfield code="a">unmediated</subfield>
            <subfield code="b">n</subfield>
            <subfield code="2">rdamedia</subfield>
        </datafield>
        <datafield tag="338" ind1=" " ind2=" ">
            <subfield code="a">volume</subfield>
            <subfield code="b">nc</subfield>
            <subfield code="2">rdacarrier</subfield>
        </datafield>
        <datafield tag="500" ind1=" " ind2=" ">
            <subfield code="a">At head of title: 98th Congress, 2nd session. Committee print.</subfield>
        </datafield>
        <datafield tag="500" ind1=" " ind2=" ">
            <subfield code="a">Distributed to some depository libraries in microfiche.</subfield>
        </datafield>
        <datafield tag="500" ind1=" " ind2=" ">
            <subfield code="a">&quot;February 1984.&quot;</subfield>
        </datafield>
        <datafield tag="500" ind1=" " ind2=" ">
            <subfield code="a">Item 1012-A, 1012-B (microfiche).</subfield>
        </datafield>
        <datafield tag="650" ind1=" " ind2="0">
            <subfield code="a">National security</subfield>
            <subfield code="z">Caribbean Area.</subfield>
        </datafield>
        <datafield tag="650" ind1=" " ind2="0">
            <subfield code="a">National security</subfield>
            <subfield code="z">South America.</subfield>
        </datafield>
        <datafield tag="651" ind1=" " ind2="0">
            <subfield code="a">Caribbean Area</subfield>
            <subfield code="x">Military relations</subfield>
            <subfield code="z">United States.</subfield>
        </datafield>
        <datafield tag="651" ind1=" " ind2="0">
            <subfield code="a">United States</subfield>
            <subfield code="x">Military relations</subfield>
            <subfield code="z">Caribbean Area.</subfield>
        </datafield>
        <datafield tag="651" ind1=" " ind2="0">
            <subfield code="a">South America</subfield>
            <subfield code="x">Military relations</subfield>
            <subfield code="z">United States.</subfield>
        </datafield>
        <datafield tag="651" ind1=" " ind2="0">
            <subfield code="a">United States</subfield>
            <subfield code="x">Military relations</subfield>
            <subfield code="z">South America.</subfield>
        </datafield>
        <datafield tag="651" ind1=" " ind2="6">
            <subfield code="a">Caraïbes (Région)</subfield>
            <subfield code="0">(CaQQLa)201-0009417</subfield>
            <subfield code="x">Relations militaires</subfield>
            <subfield code="0">(CaQQLa)201-0374404</subfield>
            <subfield code="z">États-Unis.</subfield>
            <subfield code="0">(CaQQLa)201-0407727</subfield>
        </datafield>
        <datafield tag="651" ind1=" " ind2="6">
            <subfield code="a">États-Unis</subfield>
            <subfield code="0">(CaQQLa)201-0359173</subfield>
            <subfield code="x">Relations militaires</subfield>
            <subfield code="0">(CaQQLa)201-0359173</subfield>
            <subfield code="z">Caraïbes (Région)</subfield>
            <subfield code="0">(CaQQLa)201-0405984</subfield>
        </datafield>
        <datafield tag="651" ind1=" " ind2="6">
            <subfield code="a">Amérique du Sud</subfield>
            <subfield code="0">(CaQQLa)201-0101028</subfield>
            <subfield code="x">Relations militaires</subfield>
            <subfield code="0">(CaQQLa)201-0374404</subfield>
            <subfield code="z">États-Unis.</subfield>
            <subfield code="0">(CaQQLa)201-0407727</subfield>
        </datafield>
        <datafield tag="651" ind1=" " ind2="6">
            <subfield code="a">États-Unis</subfield>
            <subfield code="0">(CaQQLa)201-0359173</subfield>
            <subfield code="x">Relations militaires</subfield>
            <subfield code="0">(CaQQLa)201-0359173</subfield>
            <subfield code="z">Amérique du Sud.</subfield>
            <subfield code="0">(CaQQLa)201-0420735</subfield>
        </datafield>
        <datafield tag="650" ind1=" " ind2="7">
            <subfield code="a">Military relations.</subfield>
            <subfield code="2">fast</subfield>
            <subfield code="0">(OCoLC)fst01353799</subfield>
        </datafield>
        <datafield tag="650" ind1=" " ind2="7">
            <subfield code="a">National security.</subfield>
            <subfield code="2">fast</subfield>
            <subfield code="0">(OCoLC)fst01033711</subfield>
        </datafield>
        <datafield tag="651" ind1=" " ind2="7">
            <subfield code="a">Caribbean Area.</subfield>
            <subfield code="2">fast</subfield>
            <subfield code="0">(OCoLC)fst01244080</subfield>
        </datafield>
        <datafield tag="651" ind1=" " ind2="7">
            <subfield code="a">South America.</subfield>
            <subfield code="2">fast</subfield>
            <subfield code="0">(OCoLC)fst01244515</subfield>
        </datafield>
        <datafield tag="651" ind1=" " ind2="7">
            <subfield code="a">United States.</subfield>
            <subfield code="2">fast</subfield>
            <subfield code="0">(OCoLC)fst01204155</subfield>
        </datafield>
        <datafield tag="710" ind1="1" ind2=" ">
            <subfield code="a">United States.</subfield>
            <subfield code="b">Congress.</subfield>
            <subfield code="b">House.</subfield>
            <subfield code="b">Committee on Armed Services.</subfield>
            <subfield code="b">Delegation to Eastern Caribbean and South American Countries.</subfield>
        </datafield>
        <datafield tag="776" ind1="0" ind2="8">
            <subfield code="i">Online version:</subfield>
            <subfield code="t">Report of the Delegation to Eastern Caribbean and South American Countries of the Committee on Armed Services, House of Representatives, Ninety-eighth Congress, second session.</subfield>
            <subfield code="d">Washington : U.S. G.P.O., 1984</subfield>
            <subfield code="w">(OCoLC)894830767</subfield>
        </datafield>
        <datafield tag="994" ind1=" " ind2=" ">
            <subfield code="a">C0</subfield>
            <subfield code="b">FCF</subfield>
        </datafield>
    </record>