
    <record>
        <leader>02587cam a2200481 a 4500</leader>
        <controlfield tag="001">ocm10665727 </controlfield>
        <controlfield tag="003">OCoLC</controlfield>
        <controlfield tag="005">20230522034313.0</controlfield>
        <controlfield tag="008">840426s1984    dcuab    b   f000 0 eng d</controlfield>
        <datafield tag="040" ind1=" " ind2=" ">
            <subfield code="a">GPO</subfield>
            <subfield code="b">eng</subfield>
            <subfield code="c">GPO</subfield>
            <subfield code="d">OCL</subfield>
            <subfield code="d">OCLCQ</subfield>
            <subfield code="d">OCLCF</subfield>
            <subfield code="d">OCLCQ</subfield>
            <subfield code="d">OCLCO</subfield>
            <subfield code="d">OCLCA</subfield>
            <subfield code="d">MAFCI</subfield>
            <subfield code="d">OCLCQ</subfield>
            <subfield code="d">OCLCO</subfield>
        </datafield>
        <datafield tag="019" ind1=" " ind2=" ">
            <subfield code="a">721083712</subfield>
        </datafield>
        <datafield tag="035" ind1=" " ind2=" ">
            <subfield code="a">(OCoLC)10665727</subfield>
            <subfield code="z">(OCoLC)721083712</subfield>
        </datafield>
        <datafield tag="043" ind1=" " ind2=" ">
            <subfield code="a">n-us---</subfield>
            <subfield code="a">n-us-va</subfield>
        </datafield>
        <datafield tag="050" ind1=" " ind2="4">
            <subfield code="a">TC423</subfield>
            <subfield code="b">.A3 98-178 HD</subfield>
        </datafield>
        <datafield tag="074" ind1=" " ind2=" ">
            <subfield code="a">996-A, 996-B (microfiche)</subfield>
        </datafield>
        <datafield tag="086" ind1="0" ind2=" ">
            <subfield code="a">Y 1.1/7:98-178</subfield>
        </datafield>
        <datafield tag="086" ind1="0" ind2=" ">
            <subfield code="a">Y 1.1/2:13572</subfield>
        </datafield>
        <datafield tag="049" ind1=" " ind2=" ">
            <subfield code="a">FCFQ</subfield>
        </datafield>
        <datafield tag="110" ind1="1" ind2=" ">
            <subfield code="a">United States.</subfield>
            <subfield code="b">Office of the Assistant Secretary of the Army (Civil Works)</subfield>
        </datafield>
        <datafield tag="245" ind1="1" ind2="0">
            <subfield code="a">James River basin, phase I general design memorandum, Richmond, Virginia :</subfield>
            <subfield code="b">communication from the Assistant Secretary of the Army (Civil Works), transmitting a letter from the Chief of Engineers, Department of the Army, dated November 16, 1981, submitting a report, together with accompanying papers and illustration, on James River basin, phase I general design memorandum, Richmond, Virginia ...</subfield>
        </datafield>
        <datafield tag="260" ind1=" " ind2=" ">
            <subfield code="a">Washington :</subfield>
            <subfield code="b">U.S. G.P.O.,</subfield>
            <subfield code="c">1984.</subfield>
        </datafield>
        <datafield tag="300" ind1=" " ind2=" ">
            <subfield code="a">xx, 737 pages :</subfield>
            <subfield code="b">illustrations, maps ;</subfield>
            <subfield code="c">24 cm</subfield>
        </datafield>
        <datafield tag="336" ind1=" " ind2=" ">
            <subfield code="a">text</subfield>
            <subfield code="b">txt</subfield>
            <subfield code="2">rdacontent</subfield>
        </datafield>
        <datafield tag="337" ind1=" " ind2=" ">
            <subfield code="a">unmediated</subfield>
            <subfield code="b">n</subfield>
            <subfield code="2">rdamedia</subfield>
        </datafield>
        <datafield tag="338" ind1=" " ind2=" ">
            <subfield code="a">volume</subfield>
            <subfield code="b">nc</subfield>
            <subfield code="2">rdacarrier</subfield>
        </datafield>
        <datafield tag="490" ind1="1" ind2=" ">
            <subfield code="a">House document ;</subfield>
            <subfield code="v">98-178</subfield>
        </datafield>
        <datafield tag="500" ind1=" " ind2=" ">
            <subfield code="a">&quot;Referred to the Committee on Public Works and Transportation.&quot;</subfield>
        </datafield>
        <datafield tag="500" ind1=" " ind2=" ">
            <subfield code="a">Distributed to some depository libraries in microfiche.</subfield>
        </datafield>
        <datafield tag="500" ind1=" " ind2=" ">
            <subfield code="a">&quot;February 29, 1984.&quot;</subfield>
        </datafield>
        <datafield tag="504" ind1=" " ind2=" ">
            <subfield code="a">Includes bibliographical references (page 637).</subfield>
        </datafield>
        <datafield tag="650" ind1=" " ind2="0">
            <subfield code="a">Flood control</subfield>
            <subfield code="z">Virginia</subfield>
            <subfield code="z">Richmond.</subfield>
        </datafield>
        <datafield tag="650" ind1=" " ind2="0">
            <subfield code="a">Flood damage prevention</subfield>
            <subfield code="z">Virginia</subfield>
            <subfield code="z">Richmond.</subfield>
        </datafield>
        <datafield tag="650" ind1=" " ind2="0">
            <subfield code="a">Intergovernmental fiscal relations</subfield>
            <subfield code="z">United States.</subfield>
        </datafield>
        <datafield tag="650" ind1=" " ind2="6">
            <subfield code="a">Inondations</subfield>
            <subfield code="0">(CaQQLa)201-0007589</subfield>
            <subfield code="x">Maîtrise</subfield>
            <subfield code="0">(CaQQLa)201-0007589</subfield>
            <subfield code="z">Virginie</subfield>
            <subfield code="0">(CaQQLa)201-0471559</subfield>
            <subfield code="z">Richmond.</subfield>
            <subfield code="0">(CaQQLa)201-0471559</subfield>
        </datafield>
        <datafield tag="650" ind1=" " ind2="6">
            <subfield code="a">Dommages causés par les inondations</subfield>
            <subfield code="0">(CaQQLa)201-0022644</subfield>
            <subfield code="x">Prévention</subfield>
            <subfield code="0">(CaQQLa)201-0022644</subfield>
            <subfield code="z">Virginie</subfield>
            <subfield code="0">(CaQQLa)201-0471559</subfield>
            <subfield code="z">Richmond.</subfield>
            <subfield code="0">(CaQQLa)201-0471559</subfield>
        </datafield>
        <datafield tag="650" ind1=" " ind2="7">
            <subfield code="a">Flood control.</subfield>
            <subfield code="2">fast</subfield>
            <subfield code="0">(OCoLC)fst00927443</subfield>
        </datafield>
        <datafield tag="650" ind1=" " ind2="7">
            <subfield code="a">Flood damage prevention.</subfield>
            <subfield code="2">fast</subfield>
            <subfield code="0">(OCoLC)fst00927487</subfield>
        </datafield>
        <datafield tag="650" ind1=" " ind2="7">
            <subfield code="a">Intergovernmental fiscal relations.</subfield>
            <subfield code="2">fast</subfield>
            <subfield code="0">(OCoLC)fst00976272</subfield>
        </datafield>
        <datafield tag="651" ind1=" " ind2="7">
            <subfield code="a">United States.</subfield>
            <subfield code="2">fast</subfield>
            <subfield code="0">(OCoLC)fst01204155</subfield>
        </datafield>
        <datafield tag="651" ind1=" " ind2="7">
            <subfield code="a">Virginia</subfield>
            <subfield code="z">Richmond.</subfield>
            <subfield code="2">fast</subfield>
            <subfield code="0">(OCoLC)fst01205345</subfield>
        </datafield>
        <datafield tag="710" ind1="1" ind2=" ">
            <subfield code="a">United States.</subfield>
            <subfield code="b">Congress.</subfield>
            <subfield code="b">House.</subfield>
            <subfield code="b">Committee on Public Works and Transportation.</subfield>
        </datafield>
        <datafield tag="830" ind1=" " ind2="0">
            <subfield code="a">House document (United States. Congress (98th, 2nd session : 1984). House) ;</subfield>
            <subfield code="v">no. 98-178.</subfield>
        </datafield>
        <datafield tag="994" ind1=" " ind2=" ">
            <subfield code="a">C0</subfield>
            <subfield code="b">FCF</subfield>
        </datafield>
    </record>