
    <record>
        <leader>03865cmm a2200625 a 4500</leader>
        <controlfield tag="001">ocm43116670 </controlfield>
        <controlfield tag="003">OCoLC</controlfield>
        <controlfield tag="005">20230522034315.0</controlfield>
        <controlfield tag="006">aab        f001 0 </controlfield>
        <controlfield tag="007">co cg|||||||||</controlfield>
        <controlfield tag="008">000103s1999    mdu     q  u f      eng d</controlfield>
        <datafield tag="040" ind1=" " ind2=" ">
            <subfield code="a">GPO</subfield>
            <subfield code="b">eng</subfield>
            <subfield code="c">GPO</subfield>
            <subfield code="d">OCLCQ</subfield>
            <subfield code="d">OCLCO</subfield>
            <subfield code="d">OCLCA</subfield>
            <subfield code="d">OCLCF</subfield>
            <subfield code="d">OCLCQ</subfield>
            <subfield code="d">COF</subfield>
            <subfield code="d">RIU</subfield>
            <subfield code="d">GILDS</subfield>
            <subfield code="d">INT</subfield>
            <subfield code="d">OCLCQ</subfield>
            <subfield code="d">UMK</subfield>
            <subfield code="d">OCLCQ</subfield>
            <subfield code="d">OCLCO</subfield>
            <subfield code="d">OCLCQ</subfield>
            <subfield code="d">UWO</subfield>
            <subfield code="d">OCLCQ</subfield>
            <subfield code="d">GPO</subfield>
            <subfield code="d">OCLCO</subfield>
            <subfield code="d">OCLCQ</subfield>
        </datafield>
        <datafield tag="019" ind1=" " ind2=" ">
            <subfield code="a">979717739</subfield>
            <subfield code="a">980159765</subfield>
            <subfield code="a">994340262</subfield>
            <subfield code="a">1031626612</subfield>
            <subfield code="a">1031784640</subfield>
            <subfield code="a">1039412223</subfield>
            <subfield code="a">1052993063</subfield>
            <subfield code="a">1069523451</subfield>
            <subfield code="a">1098355797</subfield>
            <subfield code="a">1224538776</subfield>
            <subfield code="a">1225255112</subfield>
            <subfield code="a">1258788909</subfield>
            <subfield code="a">1266217641</subfield>
            <subfield code="a">1266913623</subfield>
            <subfield code="a">1311344282</subfield>
        </datafield>
        <datafield tag="035" ind1=" " ind2=" ">
            <subfield code="a">(OCoLC)43116670</subfield>
            <subfield code="z">(OCoLC)979717739</subfield>
            <subfield code="z">(OCoLC)980159765</subfield>
            <subfield code="z">(OCoLC)994340262</subfield>
            <subfield code="z">(OCoLC)1031626612</subfield>
            <subfield code="z">(OCoLC)1031784640</subfield>
            <subfield code="z">(OCoLC)1039412223</subfield>
            <subfield code="z">(OCoLC)1052993063</subfield>
            <subfield code="z">(OCoLC)1069523451</subfield>
            <subfield code="z">(OCoLC)1098355797</subfield>
            <subfield code="z">(OCoLC)1224538776</subfield>
            <subfield code="z">(OCoLC)1225255112</subfield>
            <subfield code="z">(OCoLC)1258788909</subfield>
            <subfield code="z">(OCoLC)1266217641</subfield>
            <subfield code="z">(OCoLC)1266913623</subfield>
            <subfield code="z">(OCoLC)1311344282</subfield>
        </datafield>
        <datafield tag="043" ind1=" " ind2=" ">
            <subfield code="a">x------</subfield>
        </datafield>
        <datafield tag="050" ind1=" " ind2="4">
            <subfield code="a">GB400.42.R4</subfield>
            <subfield code="b">G46 1999</subfield>
        </datafield>
        <datafield tag="074" ind1=" " ind2=" ">
            <subfield code="z">0830-Z-01</subfield>
        </datafield>
        <datafield tag="082" ind1="0" ind2="4">
            <subfield code="a">551.4</subfield>
            <subfield code="q">OCoLC</subfield>
            <subfield code="2">19/eng/20230216</subfield>
        </datafield>
        <datafield tag="086" ind1="0" ind2=" ">
            <subfield code="a">NAS 1.86:G 29/CD</subfield>
        </datafield>
        <datafield tag="086" ind1="0" ind2=" ">
            <subfield code="a">NAS 1.86:G 29</subfield>
        </datafield>
        <datafield tag="049" ind1=" " ind2=" ">
            <subfield code="a">FCFQ</subfield>
        </datafield>
        <datafield tag="245" ind1="0" ind2="0">
            <subfield code="a">Geomorphology from space :</subfield>
            <subfield code="b">a global overview of regional landforms /</subfield>
            <subfield code="c">produced by the Jet Propulsion Laboratory's Data Distribution Lab in collaboration with Goddard Space Flight Center's Distributed Active Archive Center and Nicholas Short ; edited by Nicholas M. Short, Sr. and Robert W. Blair, Jr.</subfield>
        </datafield>
        <datafield tag="250" ind1=" " ind2=" ">
            <subfield code="a">Version 1.0, GFS0̲002.</subfield>
        </datafield>
        <datafield tag="260" ind1=" " ind2=" ">
            <subfield code="a">[Greenbelt, Md.] :</subfield>
            <subfield code="b">NASA :</subfield>
            <subfield code="b">Goddard DAAC [distributor],</subfield>
            <subfield code="c">[1999?]</subfield>
        </datafield>
        <datafield tag="300" ind1=" " ind2=" ">
            <subfield code="a">1 computer optical disc :</subfield>
            <subfield code="b">color ;</subfield>
            <subfield code="c">4 3/4 in.</subfield>
        </datafield>
        <datafield tag="336" ind1=" " ind2=" ">
            <subfield code="a">computer program</subfield>
            <subfield code="b">cop</subfield>
            <subfield code="2">rdacontent</subfield>
        </datafield>
        <datafield tag="337" ind1=" " ind2=" ">
            <subfield code="a">computer</subfield>
            <subfield code="b">c</subfield>
            <subfield code="2">rdamedia</subfield>
        </datafield>
        <datafield tag="338" ind1=" " ind2=" ">
            <subfield code="a">computer disc</subfield>
            <subfield code="b">cd</subfield>
            <subfield code="2">rdacarrier</subfield>
        </datafield>
        <datafield tag="500" ind1=" " ind2=" ">
            <subfield code="a">Withdrawn from the Federal Depository Library Program at the request of the National Aeronautics and Space Administration, 10/2021.</subfield>
            <subfield code="5">DGPO</subfield>
        </datafield>
        <datafield tag="538" ind1=" " ind2=" ">
            <subfield code="a">System requirements: Any computing platform with CD-ROM driver and software in accordance with ISO standard.</subfield>
        </datafield>
        <datafield tag="500" ind1=" " ind2=" ">
            <subfield code="a">Title from disc label.</subfield>
        </datafield>
        <datafield tag="500" ind1=" " ind2=" ">
            <subfield code="a">Shipping list no.: 2000-0008-E.</subfield>
        </datafield>
        <datafield tag="500" ind1=" " ind2=" ">
            <subfield code="a">No longer available as of Oct. 26, 2021: http://daac.gsfc.nasa.gov/DAAC%5FDOCS/geomorphology/GEO%5FHOME%5FPAGE.html.</subfield>
        </datafield>
        <datafield tag="500" ind1=" " ind2=" ">
            <subfield code="a">Previously published on paper in 1986 as &quot;NASA-SP 486&quot;--Disc container. (Distributed to depository libraries on Shipping list no.: 87-741-P.)</subfield>
        </datafield>
        <datafield tag="520" ind1=" " ind2=" ">
            <subfield code="a">Designed for use by remote sensing science and educational communities to study landforms, this book consists of 237 plates treating geographic regions where particular landform themes are exemplified. Commentary, photographs, and locator maps accompany each plate.</subfield>
        </datafield>
        <datafield tag="650" ind1=" " ind2="0">
            <subfield code="a">Geomorphology</subfield>
            <subfield code="x">Remote sensing.</subfield>
        </datafield>
        <datafield tag="650" ind1=" " ind2="0">
            <subfield code="a">Landforms.</subfield>
        </datafield>
        <datafield tag="651" ind1=" " ind2="0">
            <subfield code="a">Earth (Planet)</subfield>
            <subfield code="v">Remote-sensing images.</subfield>
        </datafield>
        <datafield tag="650" ind1=" " ind2="6">
            <subfield code="a">Géomorphologie</subfield>
            <subfield code="0">(CaQQLa)201-0004528</subfield>
            <subfield code="x">Télédétection.</subfield>
            <subfield code="0">(CaQQLa)201-0380277</subfield>
        </datafield>
        <datafield tag="650" ind1=" " ind2="6">
            <subfield code="a">Relief (Géographie)</subfield>
            <subfield code="0">(CaQQLa)201-0006732</subfield>
        </datafield>
        <datafield tag="651" ind1=" " ind2="6">
            <subfield code="a">Terre</subfield>
            <subfield code="v">Images-satellite.</subfield>
            <subfield code="0">(CaQQLa)000259128</subfield>
        </datafield>
        <datafield tag="650" ind1=" " ind2="7">
            <subfield code="a">Geomorphology</subfield>
            <subfield code="x">Remote sensing.</subfield>
            <subfield code="2">fast</subfield>
            <subfield code="0">(OCoLC)fst00940968</subfield>
        </datafield>
        <datafield tag="650" ind1=" " ind2="7">
            <subfield code="a">Landforms.</subfield>
            <subfield code="2">fast</subfield>
            <subfield code="0">(OCoLC)fst00991689</subfield>
        </datafield>
        <datafield tag="651" ind1=" " ind2="7">
            <subfield code="a">Earth (Planet)</subfield>
            <subfield code="2">fast</subfield>
            <subfield code="0">(OCoLC)fst01860481</subfield>
        </datafield>
        <datafield tag="655" ind1=" " ind2="7">
            <subfield code="a">Remote-sensing images.</subfield>
            <subfield code="2">fast</subfield>
            <subfield code="0">(OCoLC)fst01423694</subfield>
        </datafield>
        <datafield tag="655" ind1=" " ind2="7">
            <subfield code="a">Remote-sensing images.</subfield>
            <subfield code="2">lcgft</subfield>
        </datafield>
        <datafield tag="655" ind1=" " ind2="7">
            <subfield code="a">Images-satellite.</subfield>
            <subfield code="2">rvmgf</subfield>
            <subfield code="0">(CaQQLa)RVMGF-000000217</subfield>
        </datafield>
        <datafield tag="700" ind1="1" ind2=" ">
            <subfield code="a">Short, Nicholas M.</subfield>
        </datafield>
        <datafield tag="700" ind1="1" ind2=" ">
            <subfield code="a">Blair, Robert W.</subfield>
        </datafield>
        <datafield tag="710" ind1="2" ind2=" ">
            <subfield code="a">Goddard DAAC (Goddard Space Flight Center)</subfield>
        </datafield>
        <datafield tag="710" ind1="2" ind2=" ">
            <subfield code="a">Data Distribution Laboratory (U.S.)</subfield>
        </datafield>
        <datafield tag="856" ind1="4" ind2=" ">
            <subfield code="u">https://purl.fdlp.gov/GPO/LPS3828</subfield>
            <subfield code="7">0</subfield>
            <subfield code="z">Withdrawn from the Federal Depository Library Program as of Oct. 26, 2021</subfield>
        </datafield>
        <datafield tag="856" ind1="4" ind2=" ">
            <subfield code="u">https://purl.fdlp.gov/GPO/LPS3828</subfield>
            <subfield code="z">connect to online version.</subfield>
            <subfield code="7">0</subfield>
        </datafield>
        <datafield tag="856" ind1="4" ind2=" ">
            <subfield code="x">USGPO</subfield>
            <subfield code="u">https://purl.fdlp.gov/GPO/LPS3828</subfield>
            <subfield code="z">Connect to Internet resource</subfield>
            <subfield code="7">0</subfield>
        </datafield>
        <datafield tag="994" ind1=" " ind2=" ">
            <subfield code="a">C0</subfield>
            <subfield code="b">FCF</subfield>
        </datafield>
    </record>