
    <record>
        <leader>02884cam a2200565 a 4500</leader>
        <controlfield tag="001">ocm43305869 </controlfield>
        <controlfield tag="003">OCoLC</controlfield>
        <controlfield tag="005">20230522034317.0</controlfield>
        <controlfield tag="006">m     o  d f      </controlfield>
        <controlfield tag="007">cr gn|||||||||</controlfield>
        <controlfield tag="008">000118s1997    cauab   ob   f000 0 eng c</controlfield>
        <datafield tag="040" ind1=" " ind2=" ">
            <subfield code="a">STF</subfield>
            <subfield code="b">eng</subfield>
            <subfield code="e">pn</subfield>
            <subfield code="c">STF</subfield>
            <subfield code="d">AGL</subfield>
            <subfield code="d">GPO</subfield>
            <subfield code="d">OCLCQ</subfield>
            <subfield code="d">COO</subfield>
            <subfield code="d">OCLCF</subfield>
            <subfield code="d">P4I</subfield>
            <subfield code="d">OCLCE</subfield>
            <subfield code="d">OCLCQ</subfield>
            <subfield code="d">IOG</subfield>
            <subfield code="d">XFF</subfield>
            <subfield code="d">NJT</subfield>
            <subfield code="d">NKM</subfield>
            <subfield code="d">OCLCQ</subfield>
            <subfield code="d">SUC</subfield>
            <subfield code="d">JTB</subfield>
            <subfield code="d">OCLCO</subfield>
            <subfield code="d">COM</subfield>
            <subfield code="d">OCLCO</subfield>
            <subfield code="d">LUU</subfield>
            <subfield code="d">OCLCQ</subfield>
        </datafield>
        <datafield tag="019" ind1=" " ind2=" ">
            <subfield code="a">80580199</subfield>
            <subfield code="a">768057183</subfield>
            <subfield code="a">1060528681</subfield>
            <subfield code="a">1067053602</subfield>
            <subfield code="a">1084833652</subfield>
        </datafield>
        <datafield tag="035" ind1=" " ind2=" ">
            <subfield code="a">(OCoLC)43305869</subfield>
            <subfield code="z">(OCoLC)80580199</subfield>
            <subfield code="z">(OCoLC)768057183</subfield>
            <subfield code="z">(OCoLC)1060528681</subfield>
            <subfield code="z">(OCoLC)1067053602</subfield>
            <subfield code="z">(OCoLC)1084833652</subfield>
        </datafield>
        <datafield tag="042" ind1=" " ind2=" ">
            <subfield code="a">pcc</subfield>
        </datafield>
        <datafield tag="043" ind1=" " ind2=" ">
            <subfield code="a">n-us---</subfield>
        </datafield>
        <datafield tag="050" ind1=" " ind2="4">
            <subfield code="a">SH174</subfield>
            <subfield code="b">.R43 1997</subfield>
        </datafield>
        <datafield tag="070" ind1=" " ind2=" ">
            <subfield code="a">SH174</subfield>
            <subfield code="b">.R43 1997</subfield>
        </datafield>
        <datafield tag="072" ind1=" " ind2="0">
            <subfield code="a">W000</subfield>
        </datafield>
        <datafield tag="072" ind1=" " ind2="0">
            <subfield code="a">L810</subfield>
        </datafield>
        <datafield tag="072" ind1=" " ind2="0">
            <subfield code="a">L840</subfield>
        </datafield>
        <datafield tag="072" ind1=" " ind2="0">
            <subfield code="a">M001</subfield>
        </datafield>
        <datafield tag="074" ind1=" " ind2=" ">
            <subfield code="a">0624-H (MF)</subfield>
        </datafield>
        <datafield tag="074" ind1=" " ind2=" ">
            <subfield code="a">0624-H (online)</subfield>
        </datafield>
        <datafield tag="086" ind1="0" ind2=" ">
            <subfield code="a">I 19.76:96-627</subfield>
        </datafield>
        <datafield tag="049" ind1=" " ind2=" ">
            <subfield code="a">FCFQ</subfield>
        </datafield>
        <datafield tag="245" ind1="0" ind2="0">
            <subfield code="a">Reconnaissance of 17[beta]-estradiol, 11-ketotestosterone, vitellogenin, and gonad histopathology in common carp of United States strems :</subfield>
            <subfield code="b">potential for contaminant-induced endocrine disruption /</subfield>
            <subfield code="c">by Steven L. Goodbred [and others].</subfield>
        </datafield>
        <datafield tag="246" ind1="3" ind2=" ">
            <subfield code="a">Reconnaissance of 17[beta]-estradiol, 11-ketotestosterone, vitellogenin, and gonad histopathology in common carp of United States streams</subfield>
        </datafield>
        <datafield tag="260" ind1=" " ind2=" ">
            <subfield code="a">[Sacramento, Calif.?] :</subfield>
            <subfield code="b">USGS,</subfield>
            <subfield code="c">1997.</subfield>
        </datafield>
        <datafield tag="300" ind1=" " ind2=" ">
            <subfield code="a">1 online resource.</subfield>
        </datafield>
        <datafield tag="336" ind1=" " ind2=" ">
            <subfield code="a">text</subfield>
            <subfield code="b">txt</subfield>
            <subfield code="2">rdacontent</subfield>
        </datafield>
        <datafield tag="337" ind1=" " ind2=" ">
            <subfield code="a">computer</subfield>
            <subfield code="b">c</subfield>
            <subfield code="2">rdamedia</subfield>
        </datafield>
        <datafield tag="338" ind1=" " ind2=" ">
            <subfield code="a">online resource</subfield>
            <subfield code="b">cr</subfield>
            <subfield code="2">rdacarrier</subfield>
        </datafield>
        <datafield tag="490" ind1="1" ind2=" ">
            <subfield code="a">U.S. Geological Survey open-file report ;</subfield>
            <subfield code="v">96-627</subfield>
        </datafield>
        <datafield tag="500" ind1=" " ind2=" ">
            <subfield code="a">Caption title.</subfield>
        </datafield>
        <datafield tag="504" ind1=" " ind2=" ">
            <subfield code="a">Includes bibliographical references.</subfield>
        </datafield>
        <datafield tag="650" ind1=" " ind2="0">
            <subfield code="a">Fishes</subfield>
            <subfield code="x">Effect of water pollution on</subfield>
            <subfield code="z">United States.</subfield>
        </datafield>
        <datafield tag="650" ind1=" " ind2="0">
            <subfield code="a">Endocrine toxicology.</subfield>
        </datafield>
        <datafield tag="650" ind1=" " ind2="6">
            <subfield code="a">Poissons</subfield>
            <subfield code="0">(CaQQLa)201-0030094</subfield>
            <subfield code="x">Effets de la pollution de l'eau sur</subfield>
            <subfield code="0">(CaQQLa)201-0030094</subfield>
            <subfield code="z">États-Unis.</subfield>
            <subfield code="0">(CaQQLa)201-0407727</subfield>
        </datafield>
        <datafield tag="650" ind1=" " ind2="6">
            <subfield code="a">Toxicologie endocrinienne.</subfield>
            <subfield code="0">(CaQQLa)201-0290859</subfield>
        </datafield>
        <datafield tag="650" ind1=" " ind2="7">
            <subfield code="a">Endocrine toxicology.</subfield>
            <subfield code="2">fast</subfield>
            <subfield code="0">(OCoLC)fst00909746</subfield>
        </datafield>
        <datafield tag="650" ind1=" " ind2="7">
            <subfield code="a">Fishes</subfield>
            <subfield code="x">Effect of water pollution on.</subfield>
            <subfield code="2">fast</subfield>
            <subfield code="0">(OCoLC)fst00926457</subfield>
        </datafield>
        <datafield tag="651" ind1=" " ind2="7">
            <subfield code="a">United States.</subfield>
            <subfield code="2">fast</subfield>
            <subfield code="0">(OCoLC)fst01204155</subfield>
        </datafield>
        <datafield tag="700" ind1="1" ind2=" ">
            <subfield code="a">Goodbred, Steven L.</subfield>
        </datafield>
        <datafield tag="776" ind1="0" ind2="8">
            <subfield code="i">Print version:</subfield>
            <subfield code="t">Reconnaissance of 17[beta]-estradiol, 11-ketotestosterone, vitellogenin, and gonad histopathology in common carp of United States strems.</subfield>
            <subfield code="d">[Sacramento, Calif.?] : USGS, 1997</subfield>
            <subfield code="w">(OCoLC)36868026</subfield>
        </datafield>
        <datafield tag="830" ind1=" " ind2="0">
            <subfield code="a">Open-file report (Geological Survey (U.S.)) ;</subfield>
            <subfield code="v">96-627.</subfield>
        </datafield>
        <datafield tag="856" ind1="4" ind2="0">
            <subfield code="3">Google, 96-627</subfield>
            <subfield code="u">http://books.google.com/books?id=nV9RAQAAIAAJ</subfield>
        </datafield>
        <datafield tag="856" ind1="4" ind2="1">
            <subfield code="u">https://purl.fdlp.gov/GPO/LPS6038</subfield>
            <subfield code="7">0</subfield>
        </datafield>
        <datafield tag="880" ind1="0" ind2="0">
            <subfield code="6">245-00</subfield>
            <subfield code="a">Reconnaissance of 17β-estradiol, 11-ketotestosterone, vitellogenin, and gonad histopathology in common carp of United States streams :</subfield>
            <subfield code="b">potential for contaminant-induced endocrine disruption /</subfield>
            <subfield code="c">by Steven L. Goodbred ... [and others].</subfield>
        </datafield>
        <datafield tag="994" ind1=" " ind2=" ">
            <subfield code="a">C0</subfield>
            <subfield code="b">FCF</subfield>
        </datafield>
    </record>