
    <record>
        <leader>01934cam a2200493 a 4500</leader>
        <controlfield tag="001">ocm53003341 </controlfield>
        <controlfield tag="003">OCoLC</controlfield>
        <controlfield tag="005">20230522034319.0</controlfield>
        <controlfield tag="006">m     q  d f      </controlfield>
        <controlfield tag="007">co cg|||||||||</controlfield>
        <controlfield tag="008">030910s2003    mduad   q    f001 0 eng c</controlfield>
        <datafield tag="040" ind1=" " ind2=" ">
            <subfield code="a">GPO</subfield>
            <subfield code="b">eng</subfield>
            <subfield code="c">GPO</subfield>
            <subfield code="d">VYM</subfield>
            <subfield code="d">OCLCF</subfield>
            <subfield code="d">OCLCO</subfield>
            <subfield code="d">OCLCQ</subfield>
            <subfield code="d">OCLCO</subfield>
            <subfield code="d">MMM</subfield>
            <subfield code="d">OCLCO</subfield>
        </datafield>
        <datafield tag="019" ind1=" " ind2=" ">
            <subfield code="a">1166505419</subfield>
            <subfield code="a">1166547962</subfield>
        </datafield>
        <datafield tag="035" ind1=" " ind2=" ">
            <subfield code="a">(OCoLC)53003341</subfield>
            <subfield code="z">(OCoLC)1166505419</subfield>
            <subfield code="z">(OCoLC)1166547962</subfield>
        </datafield>
        <datafield tag="037" ind1=" " ind2=" ">
            <subfield code="a">008-000-00910-4</subfield>
            <subfield code="b">GPO</subfield>
        </datafield>
        <datafield tag="037" ind1=" " ind2=" ">
            <subfield code="a">NSN 7644014665953</subfield>
            <subfield code="b">NIMA</subfield>
        </datafield>
        <datafield tag="042" ind1=" " ind2=" ">
            <subfield code="a">pcc</subfield>
        </datafield>
        <datafield tag="043" ind1=" " ind2=" ">
            <subfield code="a">ln-----</subfield>
        </datafield>
        <datafield tag="050" ind1=" " ind2="4">
            <subfield code="a">VK798</subfield>
            <subfield code="b">.U52 2003</subfield>
        </datafield>
        <datafield tag="074" ind1=" " ind2=" ">
            <subfield code="a">0378-E</subfield>
        </datafield>
        <datafield tag="086" ind1="0" ind2=" ">
            <subfield code="a">D 5.317/3:192/2003/CD</subfield>
        </datafield>
        <datafield tag="088" ind1=" " ind2=" ">
            <subfield code="a">NIMA ref. no. CDPUBSD192</subfield>
        </datafield>
        <datafield tag="049" ind1=" " ind2=" ">
            <subfield code="a">FCFQ</subfield>
        </datafield>
        <datafield tag="245" ind1="0" ind2="0">
            <subfield code="a">Sailing directions (enroute) :</subfield>
            <subfield code="b">North Sea /</subfield>
            <subfield code="c">National Imagery and Mapping Agency.</subfield>
        </datafield>
        <datafield tag="246" ind1="3" ind2="0">
            <subfield code="a">North Sea</subfield>
        </datafield>
        <datafield tag="250" ind1=" " ind2=" ">
            <subfield code="a">8th ed.</subfield>
        </datafield>
        <datafield tag="260" ind1=" " ind2=" ">
            <subfield code="a">[Bethesda, Md.] :</subfield>
            <subfield code="b">National Imagery and Mapping Agency :</subfield>
            <subfield code="b">[For sale by the Supt. of Docs., U.S. G.P.O.],</subfield>
            <subfield code="c">2003.</subfield>
        </datafield>
        <datafield tag="300" ind1=" " ind2=" ">
            <subfield code="a">1 CD-ROM :</subfield>
            <subfield code="b">color illustrations, charts ;</subfield>
            <subfield code="c">4 3/4 in.</subfield>
        </datafield>
        <datafield tag="336" ind1=" " ind2=" ">
            <subfield code="a">text</subfield>
            <subfield code="b">txt</subfield>
            <subfield code="2">rdacontent</subfield>
        </datafield>
        <datafield tag="337" ind1=" " ind2=" ">
            <subfield code="a">computer</subfield>
            <subfield code="b">c</subfield>
            <subfield code="2">rdamedia</subfield>
        </datafield>
        <datafield tag="338" ind1=" " ind2=" ">
            <subfield code="a">computer disc</subfield>
            <subfield code="b">cd</subfield>
            <subfield code="2">rdacarrier</subfield>
        </datafield>
        <datafield tag="347" ind1=" " ind2=" ">
            <subfield code="a">data file</subfield>
            <subfield code="2">rda</subfield>
        </datafield>
        <datafield tag="490" ind1="1" ind2=" ">
            <subfield code="a">Pub. ;</subfield>
            <subfield code="v">192</subfield>
        </datafield>
        <datafield tag="500" ind1=" " ind2=" ">
            <subfield code="a">Title from disc label.</subfield>
        </datafield>
        <datafield tag="500" ind1=" " ind2=" ">
            <subfield code="a">Shipping list no.: 2003-0029-E.</subfield>
        </datafield>
        <datafield tag="538" ind1=" " ind2=" ">
            <subfield code="a">System requirements: Adobe Acrobat Reader required. Version 5.1 for Windows is included on the CD-ROM.</subfield>
        </datafield>
        <datafield tag="650" ind1=" " ind2="0">
            <subfield code="a">Pilot guides</subfield>
            <subfield code="z">North Sea.</subfield>
        </datafield>
        <datafield tag="650" ind1=" " ind2="6">
            <subfield code="a">Instructions nautiques</subfield>
            <subfield code="0">(CaQQLa)201-0047652</subfield>
            <subfield code="z">Nord, Mer du.</subfield>
            <subfield code="0">(CaQQLa)201-0406064</subfield>
        </datafield>
        <datafield tag="650" ind1=" " ind2="7">
            <subfield code="a">Pilot guides.</subfield>
            <subfield code="2">fast</subfield>
            <subfield code="0">(OCoLC)fst01064119</subfield>
        </datafield>
        <datafield tag="651" ind1=" " ind2="7">
            <subfield code="a">Atlantic Ocean</subfield>
            <subfield code="z">North Sea.</subfield>
            <subfield code="2">fast</subfield>
            <subfield code="0">(OCoLC)fst01242504</subfield>
        </datafield>
        <datafield tag="710" ind1="1" ind2=" ">
            <subfield code="a">United States.</subfield>
            <subfield code="b">National Imagery and Mapping Agency.</subfield>
        </datafield>
        <datafield tag="780" ind1="0" ind2="0">
            <subfield code="a">Sailing directions (enroute) : North Sea</subfield>
            <subfield code="b">7th ed.</subfield>
            <subfield code="h">xi, 189 p.</subfield>
            <subfield code="w">(OCoLC)43903019</subfield>
        </datafield>
        <datafield tag="830" ind1=" " ind2="0">
            <subfield code="a">Pub. (United States. National Imagery and Mapping Agency) ;</subfield>
            <subfield code="v">192.</subfield>
        </datafield>
        <datafield tag="994" ind1=" " ind2=" ">
            <subfield code="a">C0</subfield>
            <subfield code="b">FCF</subfield>
        </datafield>
    </record>