
    <record>
        <leader>03350cam a2200517 a 4500</leader>
        <controlfield tag="001">ocn244484451</controlfield>
        <controlfield tag="003">OCoLC</controlfield>
        <controlfield tag="005">20230522034321.0</controlfield>
        <controlfield tag="006">m     o  d f      </controlfield>
        <controlfield tag="007">cr |||||||||||</controlfield>
        <controlfield tag="008">080827s2007    ohua    ob   f000 0 eng d</controlfield>
        <datafield tag="040" ind1=" " ind2=" ">
            <subfield code="a">GPO</subfield>
            <subfield code="b">eng</subfield>
            <subfield code="c">GPO</subfield>
            <subfield code="d">OCLCQ</subfield>
            <subfield code="d">P4I</subfield>
            <subfield code="d">OCLCO</subfield>
            <subfield code="d">OCLCQ</subfield>
            <subfield code="d">OCLCF</subfield>
            <subfield code="d">INT</subfield>
            <subfield code="d">OCLCQ</subfield>
            <subfield code="d">NAM</subfield>
            <subfield code="d">NJT</subfield>
            <subfield code="d">HSA</subfield>
            <subfield code="d">OCLCO</subfield>
            <subfield code="d">OCLCQ</subfield>
        </datafield>
        <datafield tag="019" ind1=" " ind2=" ">
            <subfield code="a">519374484</subfield>
            <subfield code="a">907886485</subfield>
            <subfield code="a">979930249</subfield>
            <subfield code="a">1031633060</subfield>
            <subfield code="a">1031822231</subfield>
            <subfield code="a">1049748762</subfield>
            <subfield code="a">1130608989</subfield>
            <subfield code="a">1183467932</subfield>
            <subfield code="a">1226482946</subfield>
            <subfield code="a">1226797244</subfield>
            <subfield code="a">1226816939</subfield>
            <subfield code="a">1226832340</subfield>
            <subfield code="a">1226833202</subfield>
            <subfield code="a">1226918786</subfield>
            <subfield code="a">1226942120</subfield>
            <subfield code="a">1226957525</subfield>
            <subfield code="a">1227000081</subfield>
            <subfield code="a">1227010212</subfield>
            <subfield code="a">1227010730</subfield>
            <subfield code="a">1228845563</subfield>
            <subfield code="a">1289560301</subfield>
            <subfield code="a">1295159329</subfield>
            <subfield code="a">1295596624</subfield>
            <subfield code="a">1296829599</subfield>
            <subfield code="a">1296854482</subfield>
            <subfield code="a">1299215115</subfield>
            <subfield code="a">1299221588</subfield>
            <subfield code="a">1299223085</subfield>
        </datafield>
        <datafield tag="035" ind1=" " ind2=" ">
            <subfield code="a">(OCoLC)244484451</subfield>
            <subfield code="z">(OCoLC)519374484</subfield>
            <subfield code="z">(OCoLC)907886485</subfield>
            <subfield code="z">(OCoLC)979930249</subfield>
            <subfield code="z">(OCoLC)1031633060</subfield>
            <subfield code="z">(OCoLC)1031822231</subfield>
            <subfield code="z">(OCoLC)1049748762</subfield>
            <subfield code="z">(OCoLC)1130608989</subfield>
            <subfield code="z">(OCoLC)1183467932</subfield>
            <subfield code="z">(OCoLC)1226482946</subfield>
            <subfield code="z">(OCoLC)1226797244</subfield>
            <subfield code="z">(OCoLC)1226816939</subfield>
            <subfield code="z">(OCoLC)1226832340</subfield>
            <subfield code="z">(OCoLC)1226833202</subfield>
            <subfield code="z">(OCoLC)1226918786</subfield>
            <subfield code="z">(OCoLC)1226942120</subfield>
            <subfield code="z">(OCoLC)1226957525</subfield>
            <subfield code="z">(OCoLC)1227000081</subfield>
            <subfield code="z">(OCoLC)1227010212</subfield>
            <subfield code="z">(OCoLC)1227010730</subfield>
            <subfield code="z">(OCoLC)1228845563</subfield>
            <subfield code="z">(OCoLC)1289560301</subfield>
            <subfield code="z">(OCoLC)1295159329</subfield>
            <subfield code="z">(OCoLC)1295596624</subfield>
            <subfield code="z">(OCoLC)1296829599</subfield>
            <subfield code="z">(OCoLC)1296854482</subfield>
            <subfield code="z">(OCoLC)1299215115</subfield>
            <subfield code="z">(OCoLC)1299221588</subfield>
            <subfield code="z">(OCoLC)1299223085</subfield>
        </datafield>
        <datafield tag="043" ind1=" " ind2=" ">
            <subfield code="a">n-us-nh</subfield>
        </datafield>
        <datafield tag="074" ind1=" " ind2=" ">
            <subfield code="a">0431-Y (online)</subfield>
        </datafield>
        <datafield tag="086" ind1="0" ind2=" ">
            <subfield code="a">EP 11.2:X 6</subfield>
        </datafield>
        <datafield tag="049" ind1=" " ind2=" ">
            <subfield code="a">FCFQ</subfield>
        </datafield>
        <datafield tag="245" ind1="0" ind2="0">
            <subfield code="a">Xpert Design and Diagnostics' (XDD) in situ chemical oxidation process using potassium permanganate (KMn04₄).</subfield>
        </datafield>
        <datafield tag="260" ind1=" " ind2=" ">
            <subfield code="a">Cincinnati, Ohio :</subfield>
            <subfield code="b">National Risk Management Research Laboratory, Office of Research and Development, U.S. Environmental Protection Agency,</subfield>
            <subfield code="c">[2007]</subfield>
        </datafield>
        <datafield tag="300" ind1=" " ind2=" ">
            <subfield code="a">1 online resource (xiii, 6, 76 pages)</subfield>
        </datafield>
        <datafield tag="336" ind1=" " ind2=" ">
            <subfield code="a">text</subfield>
            <subfield code="b">txt</subfield>
            <subfield code="2">rdacontent</subfield>
        </datafield>
        <datafield tag="337" ind1=" " ind2=" ">
            <subfield code="a">computer</subfield>
            <subfield code="b">c</subfield>
            <subfield code="2">rdamedia</subfield>
        </datafield>
        <datafield tag="338" ind1=" " ind2=" ">
            <subfield code="a">online resource</subfield>
            <subfield code="b">cr</subfield>
            <subfield code="2">rdacarrier</subfield>
        </datafield>
        <datafield tag="490" ind1="1" ind2=" ">
            <subfield code="a">Innovative technology evaluation report</subfield>
        </datafield>
        <datafield tag="500" ind1=" " ind2=" ">
            <subfield code="a">&quot;May 2007.&quot;</subfield>
        </datafield>
        <datafield tag="500" ind1=" " ind2=" ">
            <subfield code="a">&quot;EPA/540/R-07/005.&quot;</subfield>
        </datafield>
        <datafield tag="538" ind1=" " ind2=" ">
            <subfield code="a">Mode of access: Internet at the EPA web site. Address as of 8/27/08: http://www.epa.gov/nrmrl/pubs/540r07005/540r07005.pdf; current access available via PURL.</subfield>
        </datafield>
        <datafield tag="500" ind1=" " ind2=" ">
            <subfield code="a">Title from title screen (viewed August 27, 2008).</subfield>
        </datafield>
        <datafield tag="504" ind1=" " ind2=" ">
            <subfield code="a">Includes bibliographical references.</subfield>
        </datafield>
        <datafield tag="520" ind1=" " ind2=" ">
            <subfield code="a">&quot;This report summarizes the findings of an evaluation of the Xpert Design and Diagnostic's (XDD) in situ chemical oxidation (ISCO) process at the former MEC Building site located in Hudson, New Hampshire&quot;--Page ES-1</subfield>
        </datafield>
        <datafield tag="650" ind1=" " ind2="0">
            <subfield code="a">Hazardous waste site remediation</subfield>
            <subfield code="z">New Hampshire</subfield>
            <subfield code="z">Hudson.</subfield>
        </datafield>
        <datafield tag="650" ind1=" " ind2="0">
            <subfield code="a">In situ remediation.</subfield>
        </datafield>
        <datafield tag="650" ind1=" " ind2="0">
            <subfield code="a">Oxidation</subfield>
            <subfield code="x">Environmental aspects.</subfield>
        </datafield>
        <datafield tag="650" ind1=" " ind2="6">
            <subfield code="a">Restauration in situ.</subfield>
            <subfield code="0">(CaQQLa)201-0302728</subfield>
        </datafield>
        <datafield tag="650" ind1=" " ind2="6">
            <subfield code="a">Oxydation</subfield>
            <subfield code="0">(CaQQLa)201-0038210</subfield>
            <subfield code="x">Aspect de l'environnement.</subfield>
            <subfield code="0">(CaQQLa)201-0374355</subfield>
        </datafield>
        <datafield tag="650" ind1=" " ind2="7">
            <subfield code="a">Hazardous waste site remediation.</subfield>
            <subfield code="2">fast</subfield>
            <subfield code="0">(OCoLC)fst00952317</subfield>
        </datafield>
        <datafield tag="650" ind1=" " ind2="7">
            <subfield code="a">In situ remediation.</subfield>
            <subfield code="2">fast</subfield>
            <subfield code="0">(OCoLC)fst00968349</subfield>
        </datafield>
        <datafield tag="651" ind1=" " ind2="7">
            <subfield code="a">New Hampshire</subfield>
            <subfield code="z">Hudson (Town)</subfield>
            <subfield code="2">fast</subfield>
            <subfield code="0">(OCoLC)fst01331928</subfield>
        </datafield>
        <datafield tag="653" ind1=" " ind2=" ">
            <subfield code="a">Hudson, NH.</subfield>
        </datafield>
        <datafield tag="710" ind1="2" ind2=" ">
            <subfield code="a">National Risk Management Research Laboratory (U.S.)</subfield>
        </datafield>
        <datafield tag="830" ind1=" " ind2="0">
            <subfield code="a">Innovative technology evaluation report.</subfield>
        </datafield>
        <datafield tag="856" ind1="4" ind2="0">
            <subfield code="u">https://purl.fdlp.gov/GPO/LPS100882</subfield>
            <subfield code="7">0</subfield>
        </datafield>
        <datafield tag="856" ind1="4" ind2="0">
            <subfield code="u">https://purl.fdlp.gov/GPO/LPS100882</subfield>
            <subfield code="z">connect to online version. (PDF)</subfield>
            <subfield code="7">0</subfield>
        </datafield>
        <datafield tag="856" ind1="4" ind2=" ">
            <subfield code="u">http://purl.access.gpo.gov/GPO/LPS100882</subfield>
            <subfield code="7">0</subfield>
        </datafield>
        <datafield tag="994" ind1=" " ind2=" ">
            <subfield code="a">C0</subfield>
            <subfield code="b">FCF</subfield>
        </datafield>
    </record>