
    <record>
        <leader>03063cas a2200685 a 4500</leader>
        <controlfield tag="001">ocm25500414 </controlfield>
        <controlfield tag="003">OCoLC</controlfield>
        <controlfield tag="005">20230522034322.0</controlfield>
        <controlfield tag="006">m     q  d f      </controlfield>
        <controlfield tag="007">co ugu||||||||</controlfield>
        <controlfield tag="008">920319d19901995vauar   q s  f0    0eng c</controlfield>
        <datafield tag="010" ind1=" " ind2=" ">
            <subfield code="a">   94645243 </subfield>
            <subfield code="z">sn 92023220 </subfield>
        </datafield>
        <datafield tag="040" ind1=" " ind2=" ">
            <subfield code="a">GPO</subfield>
            <subfield code="b">eng</subfield>
            <subfield code="c">GPO</subfield>
            <subfield code="d">AGL</subfield>
            <subfield code="d">IUL</subfield>
            <subfield code="d">GPO</subfield>
            <subfield code="d">DLC</subfield>
            <subfield code="d">EYM</subfield>
            <subfield code="d">GPO</subfield>
            <subfield code="d">OCL</subfield>
            <subfield code="d">DLC</subfield>
            <subfield code="d">HUL</subfield>
            <subfield code="d">IUL</subfield>
            <subfield code="d">DLC</subfield>
            <subfield code="d">OCLCQ</subfield>
            <subfield code="d">DLC</subfield>
            <subfield code="d">GPO</subfield>
            <subfield code="d">OCLCQ</subfield>
            <subfield code="d">OCLCO</subfield>
            <subfield code="d">OCLCQ</subfield>
            <subfield code="d">OCLCF</subfield>
            <subfield code="d">COM</subfield>
            <subfield code="d">OCLCO</subfield>
        </datafield>
        <datafield tag="012" ind1=" " ind2=" ">
            <subfield code="i">9406</subfield>
        </datafield>
        <datafield tag="019" ind1=" " ind2=" ">
            <subfield code="a">24774997</subfield>
        </datafield>
        <datafield tag="035" ind1=" " ind2=" ">
            <subfield code="a">(OCoLC)25500414</subfield>
            <subfield code="z">(OCoLC)24774997</subfield>
        </datafield>
        <datafield tag="042" ind1=" " ind2=" ">
            <subfield code="a">pcc</subfield>
        </datafield>
        <datafield tag="043" ind1=" " ind2=" ">
            <subfield code="a">n-us---</subfield>
        </datafield>
        <datafield tag="050" ind1="0" ind2="0">
            <subfield code="a">GB701</subfield>
        </datafield>
        <datafield tag="070" ind1="0" ind2=" ">
            <subfield code="a">GB995.A56</subfield>
        </datafield>
        <datafield tag="072" ind1=" " ind2="0">
            <subfield code="a">P200</subfield>
        </datafield>
        <datafield tag="074" ind1=" " ind2=" ">
            <subfield code="a">0624-H</subfield>
        </datafield>
        <datafield tag="086" ind1="0" ind2=" ">
            <subfield code="a">I 19.76:</subfield>
        </datafield>
        <datafield tag="049" ind1=" " ind2=" ">
            <subfield code="a">FCFQ</subfield>
        </datafield>
        <datafield tag="245" ind1="0" ind2="0">
            <subfield code="a">Annual state water-data reports :</subfield>
            <subfield code="b">a digital representation of the hydrologic records of the United States for ...</subfield>
        </datafield>
        <datafield tag="246" ind1="1" ind2=" ">
            <subfield code="i">Title from disc label:</subfield>
            <subfield code="a">State water-data reports</subfield>
        </datafield>
        <datafield tag="246" ind1="1" ind2=" ">
            <subfield code="i">Also called:</subfield>
            <subfield code="a">SWDR</subfield>
        </datafield>
        <datafield tag="246" ind1="1" ind2="3">
            <subfield code="a">Hydrologic records of the United States</subfield>
        </datafield>
        <datafield tag="260" ind1=" " ind2=" ">
            <subfield code="a">[Reston, VA] :</subfield>
            <subfield code="b">Dept. of the Interior, U.S. Geological Survey,</subfield>
            <subfield code="c">1991-</subfield>
        </datafield>
        <datafield tag="300" ind1=" " ind2=" ">
            <subfield code="a">CD-ROMs ;</subfield>
            <subfield code="c">4 3/4 in.</subfield>
        </datafield>
        <datafield tag="310" ind1=" " ind2=" ">
            <subfield code="a">Annual</subfield>
        </datafield>
        <datafield tag="336" ind1=" " ind2=" ">
            <subfield code="a">text</subfield>
            <subfield code="b">txt</subfield>
            <subfield code="2">rdacontent</subfield>
        </datafield>
        <datafield tag="337" ind1=" " ind2=" ">
            <subfield code="a">computer</subfield>
            <subfield code="b">c</subfield>
            <subfield code="2">rdamedia</subfield>
        </datafield>
        <datafield tag="338" ind1=" " ind2=" ">
            <subfield code="a">computer disc</subfield>
            <subfield code="b">cd</subfield>
            <subfield code="2">rdacarrier</subfield>
        </datafield>
        <datafield tag="362" ind1="0" ind2=" ">
            <subfield code="a">Water year 1990-</subfield>
        </datafield>
        <datafield tag="362" ind1="1" ind2=" ">
            <subfield code="a">Ceased with water year 1995?</subfield>
        </datafield>
        <datafield tag="490" ind1="1" ind2=" ">
            <subfield code="a">Open-file report</subfield>
        </datafield>
        <datafield tag="500" ind1=" " ind2=" ">
            <subfield code="a">Title from title screen.</subfield>
        </datafield>
        <datafield tag="500" ind1=" " ind2=" ">
            <subfield code="a">Subtitle varies slightly.</subfield>
        </datafield>
        <datafield tag="500" ind1=" " ind2=" ">
            <subfield code="a">Contains GSSEARCH software (for other systems software contact CD-ROM Support Center, U.S. Geological Survey in Reston, VA).</subfield>
        </datafield>
        <datafield tag="515" ind1=" " ind2=" ">
            <subfield code="a">Coverage period varies: disk for 1990 also contains records for selected states for water years 1987-1989; disks for 1991-1993 cumulate from water year 1990.</subfield>
        </datafield>
        <datafield tag="516" ind1=" " ind2=" ">
            <subfield code="a">Written in ISO 9660 format.</subfield>
        </datafield>
        <datafield tag="520" ind1=" " ind2=" ">
            <subfield code="a">Data from the open-file report series, which contains hydrologic records for the U.S. on a state-by-state basis.</subfield>
        </datafield>
        <datafield tag="538" ind1=" " ind2=" ">
            <subfield code="a">System requirements: IBM PC/XT, AT or compatible; 640K RAM; MS- or PC-DOS 3.0 or higher; hard disk drive with 500K (1MB recommended); MS-DOS CD-ROM extension 2.1 or higher; CD-ROM drive; color monitor.</subfield>
        </datafield>
        <datafield tag="588" ind1=" " ind2=" ">
            <subfield code="a">Latest issue consulted: Water years 1990 and 1991.</subfield>
        </datafield>
        <datafield tag="650" ind1=" " ind2="0">
            <subfield code="a">Hydrology</subfield>
            <subfield code="z">United States</subfield>
            <subfield code="x">States</subfield>
            <subfield code="x">Statistics</subfield>
            <subfield code="v">Databases.</subfield>
        </datafield>
        <datafield tag="650" ind1=" " ind2="6">
            <subfield code="a">Hydrologie</subfield>
            <subfield code="0">(CaQQLa)201-0003821</subfield>
            <subfield code="z">États-Unis</subfield>
            <subfield code="0">(CaQQLa)201-0381097</subfield>
            <subfield code="x">États</subfield>
            <subfield code="0">(CaQQLa)201-0381097</subfield>
            <subfield code="x">Statistiques</subfield>
            <subfield code="0">(CaQQLa)201-0378408</subfield>
            <subfield code="v">Bases de données.</subfield>
            <subfield code="0">(CaQQLa)201-0378311</subfield>
        </datafield>
        <datafield tag="651" ind1=" " ind2="7">
            <subfield code="a">United States.</subfield>
            <subfield code="2">fast</subfield>
            <subfield code="0">(OCoLC)fst01204155</subfield>
        </datafield>
        <datafield tag="655" ind1=" " ind2="2">
            <subfield code="a">Statistics</subfield>
            <subfield code="0">(DNLM)D020500</subfield>
        </datafield>
        <datafield tag="655" ind1=" " ind2="2">
            <subfield code="a">Database</subfield>
            <subfield code="0">(DNLM)D019991</subfield>
        </datafield>
        <datafield tag="655" ind1=" " ind2="7">
            <subfield code="a">databases.</subfield>
            <subfield code="2">aat</subfield>
            <subfield code="0">(CStmoGRI)aatgf300028543</subfield>
        </datafield>
        <datafield tag="655" ind1=" " ind2="7">
            <subfield code="a">Databases.</subfield>
            <subfield code="2">fast</subfield>
            <subfield code="0">(OCoLC)fst01411643</subfield>
        </datafield>
        <datafield tag="655" ind1=" " ind2="7">
            <subfield code="a">Statistics.</subfield>
            <subfield code="2">lcgft</subfield>
        </datafield>
        <datafield tag="655" ind1=" " ind2="7">
            <subfield code="a">Databases.</subfield>
            <subfield code="2">lcgft</subfield>
        </datafield>
        <datafield tag="655" ind1=" " ind2="7">
            <subfield code="a">Statistiques.</subfield>
            <subfield code="2">rvmgf</subfield>
            <subfield code="0">(CaQQLa)RVMGF-000001223</subfield>
        </datafield>
        <datafield tag="655" ind1=" " ind2="7">
            <subfield code="a">Bases de données.</subfield>
            <subfield code="2">rvmgf</subfield>
            <subfield code="0">(CaQQLa)RVMGF-000001211</subfield>
        </datafield>
        <datafield tag="710" ind1="2" ind2=" ">
            <subfield code="a">Geological Survey (U.S.)</subfield>
        </datafield>
        <datafield tag="830" ind1=" " ind2="0">
            <subfield code="a">U.S. Geological Survey open-file report.</subfield>
        </datafield>
        <datafield tag="850" ind1=" " ind2=" ">
            <subfield code="a">DLC</subfield>
            <subfield code="a">DNAL</subfield>
            <subfield code="a">InU</subfield>
            <subfield code="a">MiU</subfield>
        </datafield>
        <datafield tag="994" ind1=" " ind2=" ">
            <subfield code="a">C0</subfield>
            <subfield code="b">FCF</subfield>
        </datafield>
    </record>