
    <record>
        <leader>03385cem a2200649 i 4500</leader>
        <controlfield tag="001">ocn176189358</controlfield>
        <controlfield tag="003">OCoLC</controlfield>
        <controlfield tag="005">20230522034326.0</controlfield>
        <controlfield tag="006">m     o  d f      </controlfield>
        <controlfield tag="007">aj aanzn</controlfield>
        <controlfield tag="007">cr bn|||||||||</controlfield>
        <controlfield tag="008">071023s2007    vau    ca a  fo 1   eng d</controlfield>
        <datafield tag="040" ind1=" " ind2=" ">
            <subfield code="a">GPO</subfield>
            <subfield code="b">eng</subfield>
            <subfield code="c">GPO</subfield>
            <subfield code="d">ORE</subfield>
            <subfield code="d">OCLCQ</subfield>
            <subfield code="d">OCLCF</subfield>
            <subfield code="d">OCLCO</subfield>
            <subfield code="d">OCLCQ</subfield>
            <subfield code="d">LWA</subfield>
            <subfield code="d">OCLCA</subfield>
            <subfield code="d">UOK</subfield>
            <subfield code="d">INT</subfield>
            <subfield code="d">OCLCQ</subfield>
            <subfield code="d">XFF</subfield>
            <subfield code="d">OCL</subfield>
            <subfield code="d">OCLCQ</subfield>
            <subfield code="d">OCLCO</subfield>
            <subfield code="d">OCLCQ</subfield>
        </datafield>
        <datafield tag="019" ind1=" " ind2=" ">
            <subfield code="a">839770292</subfield>
            <subfield code="a">1098372860</subfield>
            <subfield code="a">1226801123</subfield>
            <subfield code="a">1226812400</subfield>
            <subfield code="a">1226827357</subfield>
            <subfield code="a">1226847727</subfield>
            <subfield code="a">1226870131</subfield>
            <subfield code="a">1226892350</subfield>
            <subfield code="a">1226906152</subfield>
            <subfield code="a">1226963717</subfield>
            <subfield code="a">1226974293</subfield>
            <subfield code="a">1226982038</subfield>
            <subfield code="a">1227007526</subfield>
        </datafield>
        <datafield tag="034" ind1="1" ind2=" ">
            <subfield code="a">a</subfield>
            <subfield code="b">500000</subfield>
            <subfield code="d">W0840000</subfield>
            <subfield code="e">W0810000</subfield>
            <subfield code="f">N0294500</subfield>
            <subfield code="g">N0262900</subfield>
        </datafield>
        <datafield tag="035" ind1=" " ind2=" ">
            <subfield code="a">(OCoLC)176189358</subfield>
            <subfield code="z">(OCoLC)839770292</subfield>
            <subfield code="z">(OCoLC)1098372860</subfield>
            <subfield code="z">(OCoLC)1226801123</subfield>
            <subfield code="z">(OCoLC)1226812400</subfield>
            <subfield code="z">(OCoLC)1226827357</subfield>
            <subfield code="z">(OCoLC)1226847727</subfield>
            <subfield code="z">(OCoLC)1226870131</subfield>
            <subfield code="z">(OCoLC)1226892350</subfield>
            <subfield code="z">(OCoLC)1226906152</subfield>
            <subfield code="z">(OCoLC)1226963717</subfield>
            <subfield code="z">(OCoLC)1226974293</subfield>
            <subfield code="z">(OCoLC)1226982038</subfield>
            <subfield code="z">(OCoLC)1227007526</subfield>
        </datafield>
        <datafield tag="043" ind1=" " ind2=" ">
            <subfield code="a">n-us-fl</subfield>
        </datafield>
        <datafield tag="052" ind1=" " ind2=" ">
            <subfield code="a">3931</subfield>
        </datafield>
        <datafield tag="074" ind1=" " ind2=" ">
            <subfield code="a">0624-H (online)</subfield>
        </datafield>
        <datafield tag="082" ind1="1" ind2="4">
            <subfield code="a">19.76:2007-1032</subfield>
        </datafield>
        <datafield tag="086" ind1="0" ind2=" ">
            <subfield code="a">I 19.76:2007-1032</subfield>
        </datafield>
        <datafield tag="049" ind1=" " ind2=" ">
            <subfield code="a">FCFQ</subfield>
        </datafield>
        <datafield tag="100" ind1="1" ind2=" ">
            <subfield code="a">Ortiz, A. G.,</subfield>
            <subfield code="e">cartographer.</subfield>
        </datafield>
        <datafield tag="245" ind1="1" ind2="0">
            <subfield code="a">Potentiometric surface of the upper Floridan Aquifer, west-central Florida, May 2006 /</subfield>
            <subfield code="c">by A.G. Ortiz ; prepared in cooperation with the Southwest Florida Water Management District.</subfield>
        </datafield>
        <datafield tag="255" ind1=" " ind2=" ">
            <subfield code="a">Scale [ca. 1:500,000] ;</subfield>
            <subfield code="b">Albers equal area projection</subfield>
            <subfield code="c">(W 84°00ʹ--W 81°00ʹ/N 29°45ʹ--N 26°29ʹ).</subfield>
        </datafield>
        <datafield tag="264" ind1=" " ind2="1">
            <subfield code="a">[Reston, Va.] :</subfield>
            <subfield code="b">U.S. Dept. of the Interior, U.S. Geological Survey,</subfield>
            <subfield code="c">2007.</subfield>
        </datafield>
        <datafield tag="300" ind1=" " ind2=" ">
            <subfield code="a">1 online resource (1 map)</subfield>
        </datafield>
        <datafield tag="336" ind1=" " ind2=" ">
            <subfield code="a">cartographic image</subfield>
            <subfield code="b">cri</subfield>
            <subfield code="2">rdacontent</subfield>
        </datafield>
        <datafield tag="337" ind1=" " ind2=" ">
            <subfield code="a">computer</subfield>
            <subfield code="b">c</subfield>
            <subfield code="2">rdamedia</subfield>
        </datafield>
        <datafield tag="338" ind1=" " ind2=" ">
            <subfield code="a">online resource</subfield>
            <subfield code="b">cr</subfield>
            <subfield code="2">rdacarrier</subfield>
        </datafield>
        <datafield tag="490" ind1="1" ind2=" ">
            <subfield code="a">Open-file report ;</subfield>
            <subfield code="v">2007-1032</subfield>
        </datafield>
        <datafield tag="538" ind1=" " ind2=" ">
            <subfield code="a">Mode of access: Internet from the USGS web site. Address as of 10/23/07: http://pubs.usgs.gov/of/2007/1032/pdf/ofr2007-1032.pdf; current access via PURL.</subfield>
        </datafield>
        <datafield tag="500" ind1=" " ind2=" ">
            <subfield code="a">Includes text, 1 location map, and 1 ancillary map.</subfield>
        </datafield>
        <datafield tag="504" ind1=" " ind2=" ">
            <subfield code="a">Includes bibliographical references.</subfield>
        </datafield>
        <datafield tag="650" ind1=" " ind2="0">
            <subfield code="a">Water table</subfield>
            <subfield code="z">Floridan Aquifer</subfield>
            <subfield code="v">Maps.</subfield>
        </datafield>
        <datafield tag="650" ind1=" " ind2="0">
            <subfield code="a">Groundwater</subfield>
            <subfield code="z">Floridan Aquifer</subfield>
            <subfield code="v">Maps.</subfield>
        </datafield>
        <datafield tag="650" ind1=" " ind2="0">
            <subfield code="a">Aquifers</subfield>
            <subfield code="z">Florida</subfield>
            <subfield code="v">Maps.</subfield>
        </datafield>
        <datafield tag="650" ind1=" " ind2="7">
            <subfield code="a">Aquifers.</subfield>
            <subfield code="2">fast</subfield>
            <subfield code="0">(OCoLC)fst00812170</subfield>
        </datafield>
        <datafield tag="650" ind1=" " ind2="7">
            <subfield code="a">Groundwater.</subfield>
            <subfield code="2">fast</subfield>
            <subfield code="0">(OCoLC)fst00948209</subfield>
        </datafield>
        <datafield tag="650" ind1=" " ind2="7">
            <subfield code="a">Water table.</subfield>
            <subfield code="2">fast</subfield>
            <subfield code="0">(OCoLC)fst01172103</subfield>
        </datafield>
        <datafield tag="651" ind1=" " ind2="7">
            <subfield code="a">Florida.</subfield>
            <subfield code="2">fast</subfield>
            <subfield code="0">(OCoLC)fst01205150</subfield>
        </datafield>
        <datafield tag="651" ind1=" " ind2="7">
            <subfield code="a">United States</subfield>
            <subfield code="z">Floridan Aquifer.</subfield>
            <subfield code="2">fast</subfield>
            <subfield code="0">(OCoLC)fst01244230</subfield>
        </datafield>
        <datafield tag="655" ind1=" " ind2="7">
            <subfield code="a">thematic maps.</subfield>
            <subfield code="2">aat</subfield>
            <subfield code="0">(CStmoGRI)aatgf300028142</subfield>
        </datafield>
        <datafield tag="655" ind1=" " ind2="7">
            <subfield code="a">Thematic maps.</subfield>
            <subfield code="2">fast</subfield>
            <subfield code="0">(OCoLC)fst01752679</subfield>
        </datafield>
        <datafield tag="655" ind1=" " ind2="7">
            <subfield code="a">Physical maps.</subfield>
            <subfield code="2">fast</subfield>
            <subfield code="0">(OCoLC)fst01423806</subfield>
        </datafield>
        <datafield tag="655" ind1=" " ind2="7">
            <subfield code="a">Maps.</subfield>
            <subfield code="2">fast</subfield>
            <subfield code="0">(OCoLC)fst01423704</subfield>
        </datafield>
        <datafield tag="655" ind1=" " ind2="7">
            <subfield code="a">Physical maps.</subfield>
            <subfield code="2">lcgft</subfield>
        </datafield>
        <datafield tag="655" ind1=" " ind2="7">
            <subfield code="a">Thematic maps.</subfield>
            <subfield code="2">lcgft</subfield>
        </datafield>
        <datafield tag="655" ind1=" " ind2="7">
            <subfield code="a">Cartes physiques.</subfield>
            <subfield code="2">rvmgf</subfield>
            <subfield code="0">(CaQQLa)RVMGF-000000404</subfield>
        </datafield>
        <datafield tag="655" ind1=" " ind2="7">
            <subfield code="a">Cartes thématiques.</subfield>
            <subfield code="2">rvmgf</subfield>
            <subfield code="0">(CaQQLa)RVMGF-000000211</subfield>
        </datafield>
        <datafield tag="710" ind1="2" ind2=" ">
            <subfield code="a">Geological Survey (U.S.),</subfield>
            <subfield code="e">issuing body.</subfield>
        </datafield>
        <datafield tag="710" ind1="1" ind2=" ">
            <subfield code="a">Southwest Florida Water Management District (Fla.),</subfield>
            <subfield code="e">partner.</subfield>
        </datafield>
        <datafield tag="776" ind1="0" ind2=" ">
            <subfield code="a">Ortiz, A.G.</subfield>
            <subfield code="t">Potentiometric surface of the upper Floridan Aquifer, west-central Florida, May 2006</subfield>
            <subfield code="h">1 map</subfield>
            <subfield code="w">(OCoLC)122521511</subfield>
        </datafield>
        <datafield tag="830" ind1=" " ind2="0">
            <subfield code="a">U.S. Geological Survey open-file report ;</subfield>
            <subfield code="v">2007-1032.</subfield>
        </datafield>
        <datafield tag="856" ind1="4" ind2="0">
            <subfield code="u">https://purl.fdlp.gov/GPO/LPS87116</subfield>
            <subfield code="7">0</subfield>
        </datafield>
        <datafield tag="856" ind1="4" ind2="0">
            <subfield code="u">https://purl.fdlp.gov/GPO/LPS87116</subfield>
            <subfield code="z">connect to online version. (PDF)</subfield>
            <subfield code="7">0</subfield>
        </datafield>
        <datafield tag="994" ind1=" " ind2=" ">
            <subfield code="a">C0</subfield>
            <subfield code="b">FCF</subfield>
        </datafield>
    </record>