
    <record>
        <leader>01762cam a2200421 a 4500</leader>
        <controlfield tag="001">ocm27963222 </controlfield>
        <controlfield tag="003">OCoLC</controlfield>
        <controlfield tag="005">20230522034328.0</controlfield>
        <controlfield tag="008">930422s1986    vaua     b   f000 0 eng d</controlfield>
        <datafield tag="040" ind1=" " ind2=" ">
            <subfield code="a">GPO</subfield>
            <subfield code="b">eng</subfield>
            <subfield code="c">GPO</subfield>
            <subfield code="d">OCLCQ</subfield>
            <subfield code="d">SYB</subfield>
            <subfield code="d">OCLCQ</subfield>
            <subfield code="d">OCLCF</subfield>
            <subfield code="d">OCLCQ</subfield>
            <subfield code="d">OCLCO</subfield>
            <subfield code="d">OCLCQ</subfield>
            <subfield code="d">OCLCA</subfield>
            <subfield code="d">OCLCO</subfield>
            <subfield code="d">OCLCQ</subfield>
        </datafield>
        <datafield tag="019" ind1=" " ind2=" ">
            <subfield code="a">1225754205</subfield>
        </datafield>
        <datafield tag="035" ind1=" " ind2=" ">
            <subfield code="a">(OCoLC)27963222</subfield>
            <subfield code="z">(OCoLC)1225754205</subfield>
        </datafield>
        <datafield tag="043" ind1=" " ind2=" ">
            <subfield code="a">n-us-va</subfield>
        </datafield>
        <datafield tag="074" ind1=" " ind2=" ">
            <subfield code="a">0447-A-01 (MF)</subfield>
        </datafield>
        <datafield tag="086" ind1="0" ind2=" ">
            <subfield code="a">HE 23.3002:R 27</subfield>
        </datafield>
        <datafield tag="049" ind1=" " ind2=" ">
            <subfield code="a">FCFQ</subfield>
        </datafield>
        <datafield tag="245" ind1="0" ind2="0">
            <subfield code="a">You and your aging relative :</subfield>
            <subfield code="b">participant readings.</subfield>
        </datafield>
        <datafield tag="260" ind1=" " ind2=" ">
            <subfield code="a">Alberta, Va. :</subfield>
            <subfield code="b">Southside Virginia Community College, Christanna Campus,</subfield>
            <subfield code="c">[1986?]</subfield>
        </datafield>
        <datafield tag="300" ind1=" " ind2=" ">
            <subfield code="a">85 unnumbered leaves :</subfield>
            <subfield code="b">illustrations ;</subfield>
            <subfield code="c">29 cm</subfield>
        </datafield>
        <datafield tag="336" ind1=" " ind2=" ">
            <subfield code="a">text</subfield>
            <subfield code="b">txt</subfield>
            <subfield code="2">rdacontent</subfield>
        </datafield>
        <datafield tag="337" ind1=" " ind2=" ">
            <subfield code="a">unmediated</subfield>
            <subfield code="b">n</subfield>
            <subfield code="2">rdamedia</subfield>
        </datafield>
        <datafield tag="338" ind1=" " ind2=" ">
            <subfield code="a">volume</subfield>
            <subfield code="b">nc</subfield>
            <subfield code="2">rdacarrier</subfield>
        </datafield>
        <datafield tag="500" ind1=" " ind2=" ">
            <subfield code="a">Cover title.</subfield>
        </datafield>
        <datafield tag="500" ind1=" " ind2=" ">
            <subfield code="a">Issued by Administration on Aging.</subfield>
        </datafield>
        <datafield tag="500" ind1=" " ind2=" ">
            <subfield code="a">Distributed to depository libraries in microfiche.</subfield>
        </datafield>
        <datafield tag="504" ind1=" " ind2=" ">
            <subfield code="a">Includes bibliographical references.</subfield>
        </datafield>
        <datafield tag="650" ind1=" " ind2="0">
            <subfield code="a">Older people</subfield>
            <subfield code="x">Care</subfield>
            <subfield code="z">Virginia.</subfield>
        </datafield>
        <datafield tag="650" ind1=" " ind2="0">
            <subfield code="a">Caregivers</subfield>
            <subfield code="z">Virginia.</subfield>
        </datafield>
        <datafield tag="650" ind1=" " ind2="0">
            <subfield code="a">Older people</subfield>
            <subfield code="x">Services for</subfield>
            <subfield code="z">Virginia.</subfield>
        </datafield>
        <datafield tag="650" ind1=" " ind2="6">
            <subfield code="a">Personnes âgées</subfield>
            <subfield code="0">(CaQQLa)201-0064991</subfield>
            <subfield code="x">Soins</subfield>
            <subfield code="0">(CaQQLa)201-0064991</subfield>
            <subfield code="z">Virginie.</subfield>
            <subfield code="0">(CaQQLa)201-0460861</subfield>
        </datafield>
        <datafield tag="650" ind1=" " ind2="6">
            <subfield code="a">Aidants naturels</subfield>
            <subfield code="0">(CaQQLa)201-0193156</subfield>
            <subfield code="z">Virginie.</subfield>
            <subfield code="0">(CaQQLa)201-0460861</subfield>
        </datafield>
        <datafield tag="650" ind1=" " ind2="6">
            <subfield code="a">Personnes âgées</subfield>
            <subfield code="0">(CaQQLa)201-0047364</subfield>
            <subfield code="x">Services</subfield>
            <subfield code="0">(CaQQLa)201-0047364</subfield>
            <subfield code="z">Virginie.</subfield>
            <subfield code="0">(CaQQLa)201-0460861</subfield>
        </datafield>
        <datafield tag="650" ind1=" " ind2="7">
            <subfield code="a">Caregivers.</subfield>
            <subfield code="2">fast</subfield>
            <subfield code="0">(OCoLC)fst00847331</subfield>
        </datafield>
        <datafield tag="650" ind1=" " ind2="7">
            <subfield code="a">Older people</subfield>
            <subfield code="x">Care.</subfield>
            <subfield code="2">fast</subfield>
            <subfield code="0">(OCoLC)fst01199096</subfield>
        </datafield>
        <datafield tag="650" ind1=" " ind2="7">
            <subfield code="a">Older people</subfield>
            <subfield code="x">Services for.</subfield>
            <subfield code="2">fast</subfield>
            <subfield code="0">(OCoLC)fst01199127</subfield>
        </datafield>
        <datafield tag="651" ind1=" " ind2="7">
            <subfield code="a">Virginia.</subfield>
            <subfield code="2">fast</subfield>
            <subfield code="0">(OCoLC)fst01204597</subfield>
        </datafield>
        <datafield tag="710" ind1="1" ind2=" ">
            <subfield code="a">United States.</subfield>
            <subfield code="b">Administration on Aging.</subfield>
        </datafield>
        <datafield tag="994" ind1=" " ind2=" ">
            <subfield code="a">C0</subfield>
            <subfield code="b">FCF</subfield>
        </datafield>
    </record>