
    <record>
        <leader>02803cam a2200505 a 4500</leader>
        <controlfield tag="001">ocn236485315</controlfield>
        <controlfield tag="003">OCoLC</controlfield>
        <controlfield tag="005">20230522034330.0</controlfield>
        <controlfield tag="006">m     o  d f      </controlfield>
        <controlfield tag="007">cr |||||||||||</controlfield>
        <controlfield tag="008">080729s2006    vauab   ob   f000 0 eng d</controlfield>
        <datafield tag="040" ind1=" " ind2=" ">
            <subfield code="a">GPO</subfield>
            <subfield code="b">eng</subfield>
            <subfield code="c">GPO</subfield>
            <subfield code="d">OCLCQ</subfield>
            <subfield code="d">P4I</subfield>
            <subfield code="d">OCLCO</subfield>
            <subfield code="d">OCLCQ</subfield>
            <subfield code="d">OCLCA</subfield>
            <subfield code="d">OCLCF</subfield>
            <subfield code="d">INT</subfield>
            <subfield code="d">OCLCQ</subfield>
            <subfield code="d">OCLCO</subfield>
            <subfield code="d">OCLCQ</subfield>
        </datafield>
        <datafield tag="019" ind1=" " ind2=" ">
            <subfield code="a">518125949</subfield>
            <subfield code="a">904434005</subfield>
            <subfield code="a">979651486</subfield>
            <subfield code="a">980128411</subfield>
            <subfield code="a">1311345618</subfield>
        </datafield>
        <datafield tag="035" ind1=" " ind2=" ">
            <subfield code="a">(OCoLC)236485315</subfield>
            <subfield code="z">(OCoLC)518125949</subfield>
            <subfield code="z">(OCoLC)904434005</subfield>
            <subfield code="z">(OCoLC)979651486</subfield>
            <subfield code="z">(OCoLC)980128411</subfield>
            <subfield code="z">(OCoLC)1311345618</subfield>
        </datafield>
        <datafield tag="043" ind1=" " ind2=" ">
            <subfield code="a">n-us-nm</subfield>
        </datafield>
        <datafield tag="074" ind1=" " ind2=" ">
            <subfield code="a">0624-B-02 (online)</subfield>
        </datafield>
        <datafield tag="086" ind1="0" ind2=" ">
            <subfield code="a">I 19.42/4-4:2006-5028</subfield>
        </datafield>
        <datafield tag="049" ind1=" " ind2=" ">
            <subfield code="a">FCFQ</subfield>
        </datafield>
        <datafield tag="100" ind1="1" ind2=" ">
            <subfield code="a">Verplanck, Philip L.</subfield>
        </datafield>
        <datafield tag="245" ind1="1" ind2="0">
            <subfield code="a">Questa baseline and pre-mining ground-water quality investigation.</subfield>
            <subfield code="n">20,</subfield>
            <subfield code="p">Water chemistry of the Red River and selected seeps, tributaries, and precipitation, Taos County, New Mexico, 2000-2004 /</subfield>
            <subfield code="c">by Philip L. Verplanck, R. Blaine McCleskey, and D. Kirk Nordstrom.</subfield>
        </datafield>
        <datafield tag="246" ind1="3" ind2="0">
            <subfield code="a">Water chemistry of the Red River and selected seeps, tributaries, and precipitation, Taos County, New Mexico, 2000-2004</subfield>
        </datafield>
        <datafield tag="260" ind1=" " ind2=" ">
            <subfield code="a">Reston, Va. :</subfield>
            <subfield code="b">U.S. Dept. of the Interior, U.S. Geological Survey,</subfield>
            <subfield code="c">2006.</subfield>
        </datafield>
        <datafield tag="300" ind1=" " ind2=" ">
            <subfield code="a">1 online resource (viii, 139 pages)</subfield>
        </datafield>
        <datafield tag="336" ind1=" " ind2=" ">
            <subfield code="a">text</subfield>
            <subfield code="b">txt</subfield>
            <subfield code="2">rdacontent</subfield>
        </datafield>
        <datafield tag="337" ind1=" " ind2=" ">
            <subfield code="a">computer</subfield>
            <subfield code="b">c</subfield>
            <subfield code="2">rdamedia</subfield>
        </datafield>
        <datafield tag="338" ind1=" " ind2=" ">
            <subfield code="a">online resource</subfield>
            <subfield code="b">cr</subfield>
            <subfield code="2">rdacarrier</subfield>
        </datafield>
        <datafield tag="490" ind1="1" ind2=" ">
            <subfield code="a">Scientific investigations report ;</subfield>
            <subfield code="v">2006-5028</subfield>
        </datafield>
        <datafield tag="538" ind1=" " ind2=" ">
            <subfield code="a">Mode of access: Internet at the USGS web site. Address as of 7/29/08: http://pubs.usgs.gov/sir/2006/5028/SIR2006-5028.pdf ; current access is available via PURL.</subfield>
        </datafield>
        <datafield tag="500" ind1=" " ind2=" ">
            <subfield code="a">Title from PDF title page (viewed on July 29, 2008).</subfield>
        </datafield>
        <datafield tag="530" ind1=" " ind2=" ">
            <subfield code="a">Also available in print version.</subfield>
        </datafield>
        <datafield tag="650" ind1=" " ind2="0">
            <subfield code="a">Water quality</subfield>
            <subfield code="z">New Mexico</subfield>
            <subfield code="z">Questa Region.</subfield>
        </datafield>
        <datafield tag="650" ind1=" " ind2="0">
            <subfield code="a">Water chemistry</subfield>
            <subfield code="z">New Mexico</subfield>
            <subfield code="z">Questa Region.</subfield>
        </datafield>
        <datafield tag="650" ind1=" " ind2="0">
            <subfield code="a">Water</subfield>
            <subfield code="x">Analysis</subfield>
            <subfield code="x">Quality control.</subfield>
        </datafield>
        <datafield tag="650" ind1=" " ind2="6">
            <subfield code="a">Eau</subfield>
            <subfield code="0">(CaQQLa)201-0007159</subfield>
            <subfield code="x">Analyse</subfield>
            <subfield code="0">(CaQQLa)201-0007159</subfield>
            <subfield code="x">Qualité</subfield>
            <subfield code="0">(CaQQLa)201-0380200</subfield>
            <subfield code="x">Contrôle.</subfield>
            <subfield code="0">(CaQQLa)201-0380200</subfield>
        </datafield>
        <datafield tag="650" ind1=" " ind2="7">
            <subfield code="a">Water</subfield>
            <subfield code="x">Analysis</subfield>
            <subfield code="x">Quality control.</subfield>
            <subfield code="2">fast</subfield>
            <subfield code="0">(OCoLC)fst01171158</subfield>
        </datafield>
        <datafield tag="650" ind1=" " ind2="7">
            <subfield code="a">Water chemistry.</subfield>
            <subfield code="2">fast</subfield>
            <subfield code="0">(OCoLC)fst01171592</subfield>
        </datafield>
        <datafield tag="650" ind1=" " ind2="7">
            <subfield code="a">Water quality.</subfield>
            <subfield code="2">fast</subfield>
            <subfield code="0">(OCoLC)fst01171832</subfield>
        </datafield>
        <datafield tag="700" ind1="1" ind2=" ">
            <subfield code="a">McCleskey, R. Blaine.</subfield>
        </datafield>
        <datafield tag="700" ind1="1" ind2=" ">
            <subfield code="a">Nordstrom, Darrell Kirk.</subfield>
        </datafield>
        <datafield tag="710" ind1="2" ind2=" ">
            <subfield code="a">Geological Survey (U.S.)</subfield>
        </datafield>
        <datafield tag="776" ind1="1" ind2=" ">
            <subfield code="a">Verplanck, Phillip L.</subfield>
            <subfield code="t">Questa baseline and pre-mining ground-water quality investigation.</subfield>
            <subfield code="n">20, Water chemistry of the Red River and selected seeps, tributaries, and precipitation, Taos County, New Mexico, 2000-2004</subfield>
            <subfield code="h">viii, 139 p.</subfield>
            <subfield code="w">(OCoLC)68905110</subfield>
        </datafield>
        <datafield tag="830" ind1=" " ind2="0">
            <subfield code="a">Scientific investigations report ;</subfield>
            <subfield code="v">2006-5028.</subfield>
        </datafield>
        <datafield tag="856" ind1="4" ind2="0">
            <subfield code="u">https://purl.fdlp.gov/GPO/LPS98539</subfield>
            <subfield code="7">0</subfield>
        </datafield>
        <datafield tag="856" ind1="4" ind2="0">
            <subfield code="u">https://purl.fdlp.gov/GPO/LPS98539</subfield>
            <subfield code="z">connect to online version. (PDF)</subfield>
            <subfield code="7">0</subfield>
        </datafield>
        <datafield tag="994" ind1=" " ind2=" ">
            <subfield code="a">C0</subfield>
            <subfield code="b">FCF</subfield>
        </datafield>
    </record>