
    <record>
        <leader>02899cam a2200505 a 4500</leader>
        <controlfield tag="001">ocn317890193</controlfield>
        <controlfield tag="003">OCoLC</controlfield>
        <controlfield tag="005">20230522034332.0</controlfield>
        <controlfield tag="008">090406s2008    dcua     b   f000 0 eng c</controlfield>
        <datafield tag="040" ind1=" " ind2=" ">
            <subfield code="a">GPO</subfield>
            <subfield code="b">eng</subfield>
            <subfield code="c">GPO</subfield>
            <subfield code="d">GPO</subfield>
            <subfield code="d">UBY</subfield>
            <subfield code="d">OCLCQ</subfield>
            <subfield code="d">GPO</subfield>
            <subfield code="d">KLG</subfield>
            <subfield code="d">CUY</subfield>
            <subfield code="d">OCLCQ</subfield>
            <subfield code="d">OCLCO</subfield>
            <subfield code="d">OCLCA</subfield>
            <subfield code="d">OCLCF</subfield>
            <subfield code="d">UOK</subfield>
            <subfield code="d">OCLCQ</subfield>
            <subfield code="d">OCLCO</subfield>
            <subfield code="d">TXQ</subfield>
        </datafield>
        <datafield tag="019" ind1=" " ind2=" ">
            <subfield code="a">743425547</subfield>
            <subfield code="a">849619655</subfield>
        </datafield>
        <datafield tag="020" ind1=" " ind2=" ">
            <subfield code="a">9780160829666</subfield>
        </datafield>
        <datafield tag="020" ind1=" " ind2=" ">
            <subfield code="a">0160829666</subfield>
        </datafield>
        <datafield tag="035" ind1=" " ind2=" ">
            <subfield code="a">(OCoLC)317890193</subfield>
            <subfield code="z">(OCoLC)743425547</subfield>
            <subfield code="z">(OCoLC)849619655</subfield>
        </datafield>
        <datafield tag="037" ind1=" " ind2=" ">
            <subfield code="a">552-070-38877-0</subfield>
            <subfield code="b">GPO</subfield>
        </datafield>
        <datafield tag="042" ind1=" " ind2=" ">
            <subfield code="a">pcc</subfield>
        </datafield>
        <datafield tag="043" ind1=" " ind2=" ">
            <subfield code="a">n-us---</subfield>
        </datafield>
        <datafield tag="050" ind1="1" ind2="4">
            <subfield code="a">KF27</subfield>
            <subfield code="b">.E5527 2008a</subfield>
        </datafield>
        <datafield tag="074" ind1=" " ind2=" ">
            <subfield code="a">1019-A-01</subfield>
        </datafield>
        <datafield tag="082" ind1="1" ind2="4">
            <subfield code="a">4.C 73/8:110-141</subfield>
        </datafield>
        <datafield tag="086" ind1="0" ind2=" ">
            <subfield code="a">Y 4.C 73/8:110-141</subfield>
        </datafield>
        <datafield tag="088" ind1=" " ind2=" ">
            <subfield code="a">Serial no. 110-141 (United States. Congress. House. Committee on Energy and Commerce)</subfield>
        </datafield>
        <datafield tag="049" ind1=" " ind2=" ">
            <subfield code="a">FCFQ</subfield>
        </datafield>
        <datafield tag="110" ind1="1" ind2=" ">
            <subfield code="a">United States.</subfield>
            <subfield code="b">Congress.</subfield>
            <subfield code="b">House.</subfield>
            <subfield code="b">Committee on Energy and Commerce.</subfield>
            <subfield code="b">Subcommittee on Environment and Hazardous Materials.</subfield>
        </datafield>
        <datafield tag="245" ind1="1" ind2="0">
            <subfield code="a">Carbon sequestration :</subfield>
            <subfield code="b">risks, opportunities, and protection of drinking water : hearing before the Subcommittee on Environment and Hazardous Materials of the Committee on Energy and Commerce, House of Representatives, One Hundred Tenth Congress, second session, July 24, 2008.</subfield>
        </datafield>
        <datafield tag="260" ind1=" " ind2=" ">
            <subfield code="a">Washington :</subfield>
            <subfield code="b">U.S. G.P.O. :</subfield>
            <subfield code="b">For sale by the Supt. of Docs., U.S. G.P.O.,</subfield>
            <subfield code="c">2008.</subfield>
        </datafield>
        <datafield tag="300" ind1=" " ind2=" ">
            <subfield code="a">v, 178 pages :</subfield>
            <subfield code="b">illustrations ;</subfield>
            <subfield code="c">24 cm</subfield>
        </datafield>
        <datafield tag="336" ind1=" " ind2=" ">
            <subfield code="a">text</subfield>
            <subfield code="b">txt</subfield>
            <subfield code="2">rdacontent</subfield>
        </datafield>
        <datafield tag="337" ind1=" " ind2=" ">
            <subfield code="a">unmediated</subfield>
            <subfield code="b">n</subfield>
            <subfield code="2">rdamedia</subfield>
        </datafield>
        <datafield tag="338" ind1=" " ind2=" ">
            <subfield code="a">volume</subfield>
            <subfield code="b">nc</subfield>
            <subfield code="2">rdacarrier</subfield>
        </datafield>
        <datafield tag="500" ind1=" " ind2=" ">
            <subfield code="a">Shipping list no.: 2009-0268-P.</subfield>
        </datafield>
        <datafield tag="504" ind1=" " ind2=" ">
            <subfield code="a">Includes bibliographical references.</subfield>
        </datafield>
        <datafield tag="500" ind1=" " ind2=" ">
            <subfield code="a">&quot;Serial no. 110-141.&quot;</subfield>
        </datafield>
        <datafield tag="530" ind1=" " ind2=" ">
            <subfield code="a">Also available online.</subfield>
        </datafield>
        <datafield tag="650" ind1=" " ind2="0">
            <subfield code="a">Geological carbon sequestration</subfield>
            <subfield code="x">Environmental aspects</subfield>
            <subfield code="z">United States.</subfield>
        </datafield>
        <datafield tag="650" ind1=" " ind2="0">
            <subfield code="a">Groundwater</subfield>
            <subfield code="x">Pollution</subfield>
            <subfield code="z">United States</subfield>
            <subfield code="x">Prevention.</subfield>
        </datafield>
        <datafield tag="650" ind1=" " ind2="6">
            <subfield code="a">Piégeage du carbone géologique</subfield>
            <subfield code="0">(CaQQLa)000269007</subfield>
            <subfield code="x">Aspect de l'environnement</subfield>
            <subfield code="0">(CaQQLa)201-0374355</subfield>
            <subfield code="z">États-Unis.</subfield>
            <subfield code="0">(CaQQLa)201-0407727</subfield>
        </datafield>
        <datafield tag="650" ind1=" " ind2="7">
            <subfield code="a">Groundwater</subfield>
            <subfield code="x">Pollution</subfield>
            <subfield code="x">Prevention.</subfield>
            <subfield code="2">fast</subfield>
            <subfield code="0">(OCoLC)fst00948274</subfield>
        </datafield>
        <datafield tag="651" ind1=" " ind2="7">
            <subfield code="a">United States.</subfield>
            <subfield code="2">fast</subfield>
            <subfield code="0">(OCoLC)fst01204155</subfield>
        </datafield>
        <datafield tag="655" ind1=" " ind2="7">
            <subfield code="a">Legislative hearings.</subfield>
            <subfield code="2">lcgft</subfield>
        </datafield>
        <datafield tag="776" ind1="0" ind2="8">
            <subfield code="i">Online version:</subfield>
            <subfield code="a">United States. Congress. House. Committee on Energy and Commerce. Subcommittee on Environment and Hazardous Materials.</subfield>
            <subfield code="t">Carbon sequestration</subfield>
            <subfield code="h">1 online resource (v, 178 p.)</subfield>
            <subfield code="w">(OCoLC)430180369</subfield>
        </datafield>
        <datafield tag="776" ind1="0" ind2="8">
            <subfield code="i">Microfiche:</subfield>
            <subfield code="a">United States. Congress. House. Committee on Energy and Commerce. Subcommittee on Environment and Hazardous Materials.</subfield>
            <subfield code="t">Carbon sequestration</subfield>
            <subfield code="h">v, 178 p.</subfield>
            <subfield code="w">(OCoLC)497107206</subfield>
        </datafield>
        <datafield tag="776" ind1="0" ind2="8">
            <subfield code="i">Online version:</subfield>
            <subfield code="a">United States. Congress. House. Committee on Energy and Commerce. Subcommittee on Environment and Hazardous Materials.</subfield>
            <subfield code="t">Carbon sequestration.</subfield>
            <subfield code="d">Washington : U.S.G.P.O. : For sale by the Supt. of Docs., U.S.G.P.O., 2008</subfield>
            <subfield code="w">(OCoLC)647022191</subfield>
        </datafield>
        <datafield tag="856" ind1="4" ind2="1">
            <subfield code="u">https://purl.fdlp.gov/GPO/LPS115852</subfield>
            <subfield code="7">0</subfield>
        </datafield>
        <datafield tag="994" ind1=" " ind2=" ">
            <subfield code="a">C0</subfield>
            <subfield code="b">FCF</subfield>
        </datafield>
    </record>