
    <record>
        <leader>03143cam a2200589 a 4500</leader>
        <controlfield tag="001">ocm46595844 </controlfield>
        <controlfield tag="003">OCoLC</controlfield>
        <controlfield tag="005">20230522034333.0</controlfield>
        <controlfield tag="008">010326s2001    dcua     b   f000 0 eng c</controlfield>
        <datafield tag="040" ind1=" " ind2=" ">
            <subfield code="a">SEN</subfield>
            <subfield code="b">eng</subfield>
            <subfield code="c">SEN</subfield>
            <subfield code="d">GPO</subfield>
            <subfield code="d">OCLCQ</subfield>
            <subfield code="d">BTCTA</subfield>
            <subfield code="d">CUY</subfield>
            <subfield code="d">OCLCF</subfield>
            <subfield code="d">OCLCQ</subfield>
            <subfield code="d">OCLCO</subfield>
            <subfield code="d">UOK</subfield>
            <subfield code="d">VLL</subfield>
            <subfield code="d">TJCBL</subfield>
            <subfield code="d">OCLCO</subfield>
        </datafield>
        <datafield tag="019" ind1=" " ind2=" ">
            <subfield code="a">1083042278</subfield>
        </datafield>
        <datafield tag="020" ind1=" " ind2=" ">
            <subfield code="a">0160648726</subfield>
        </datafield>
        <datafield tag="020" ind1=" " ind2=" ">
            <subfield code="a">9780160648724</subfield>
        </datafield>
        <datafield tag="035" ind1=" " ind2=" ">
            <subfield code="a">(OCoLC)46595844</subfield>
            <subfield code="z">(OCoLC)1083042278</subfield>
        </datafield>
        <datafield tag="042" ind1=" " ind2=" ">
            <subfield code="a">pcc</subfield>
        </datafield>
        <datafield tag="043" ind1=" " ind2=" ">
            <subfield code="a">n-us---</subfield>
        </datafield>
        <datafield tag="050" ind1=" " ind2="4">
            <subfield code="a">J60</subfield>
            <subfield code="b">.A2 106th no.35</subfield>
        </datafield>
        <datafield tag="074" ind1=" " ind2=" ">
            <subfield code="a">1032-C</subfield>
        </datafield>
        <datafield tag="074" ind1=" " ind2=" ">
            <subfield code="a">1032-D (MF)</subfield>
        </datafield>
        <datafield tag="082" ind1="1" ind2="4">
            <subfield code="a">4.AG 8/3:S.HRG.106-788</subfield>
        </datafield>
        <datafield tag="086" ind1="0" ind2=" ">
            <subfield code="a">Y 4.AG 8/3:S.HRG.106-788</subfield>
        </datafield>
        <datafield tag="049" ind1=" " ind2=" ">
            <subfield code="a">FCFQ</subfield>
        </datafield>
        <datafield tag="110" ind1="1" ind2=" ">
            <subfield code="a">United States.</subfield>
            <subfield code="b">Congress.</subfield>
            <subfield code="b">Senate.</subfield>
            <subfield code="b">Committee on Agriculture, Nutrition, and Forestry.</subfield>
            <subfield code="b">Subcommittee on Forestry, Conservation, and Rural Revitalization.</subfield>
        </datafield>
        <datafield tag="245" ind1="1" ind2="0">
            <subfield code="a">S. 1938, the Cabin-User-Fee Fairness Act of 1999 :</subfield>
            <subfield code="b">hearing before the Committee on Agriculture, Nutrition, and Forestry, United States Senate, Subcommittee on Forestry, Conservation, and Rural Revitalization, One Hundred Sixth Congress, second session ... March 22, 2000.</subfield>
        </datafield>
        <datafield tag="246" ind1="3" ind2="0">
            <subfield code="a">Cabin-User-Fee Fairness Act of 1999</subfield>
        </datafield>
        <datafield tag="260" ind1=" " ind2=" ">
            <subfield code="a">Washington :</subfield>
            <subfield code="b">U.S. G.P.O. :</subfield>
            <subfield code="b">For sale by the U.S. G.P.O., Supt. of Docs., Congressional Sales Office,</subfield>
            <subfield code="c">2000 [i.e. 2001]</subfield>
        </datafield>
        <datafield tag="300" ind1=" " ind2=" ">
            <subfield code="a">iv, 166 pages :</subfield>
            <subfield code="b">illustrations ;</subfield>
            <subfield code="c">24 cm.</subfield>
        </datafield>
        <datafield tag="336" ind1=" " ind2=" ">
            <subfield code="a">text</subfield>
            <subfield code="b">txt</subfield>
            <subfield code="2">rdacontent</subfield>
        </datafield>
        <datafield tag="337" ind1=" " ind2=" ">
            <subfield code="a">unmediated</subfield>
            <subfield code="b">n</subfield>
            <subfield code="2">rdamedia</subfield>
        </datafield>
        <datafield tag="338" ind1=" " ind2=" ">
            <subfield code="a">volume</subfield>
            <subfield code="b">nc</subfield>
            <subfield code="2">rdacarrier</subfield>
        </datafield>
        <datafield tag="490" ind1="1" ind2=" ">
            <subfield code="a">S. hrg. ;</subfield>
            <subfield code="v">106-788</subfield>
        </datafield>
        <datafield tag="500" ind1=" " ind2=" ">
            <subfield code="a">&quot;Printed for the use of the Committee on Agriculture, Nutrition, and Forestry.&quot;</subfield>
        </datafield>
        <datafield tag="500" ind1=" " ind2=" ">
            <subfield code="a">Distributed to some depository libraries in microfiche.</subfield>
        </datafield>
        <datafield tag="500" ind1=" " ind2=" ">
            <subfield code="a">Shipping list no.: 2001-0142-P.</subfield>
        </datafield>
        <datafield tag="504" ind1=" " ind2=" ">
            <subfield code="a">Includes bibliographical references.</subfield>
        </datafield>
        <datafield tag="650" ind1=" " ind2="0">
            <subfield code="a">Vacation homes</subfield>
            <subfield code="x">Law and legislation</subfield>
            <subfield code="z">United States.</subfield>
        </datafield>
        <datafield tag="650" ind1=" " ind2="0">
            <subfield code="a">National parks and reserves</subfield>
            <subfield code="x">Fees</subfield>
            <subfield code="z">United States.</subfield>
        </datafield>
        <datafield tag="650" ind1=" " ind2="0">
            <subfield code="a">Public lands</subfield>
            <subfield code="x">Fees</subfield>
            <subfield code="z">United States.</subfield>
        </datafield>
        <datafield tag="650" ind1=" " ind2="0">
            <subfield code="a">User charges</subfield>
            <subfield code="x">Law and legislation</subfield>
            <subfield code="z">United States.</subfield>
        </datafield>
        <datafield tag="650" ind1=" " ind2="7">
            <subfield code="a">National parks and reserves</subfield>
            <subfield code="x">Fees.</subfield>
            <subfield code="2">fast</subfield>
            <subfield code="0">(OCoLC)fst01033656</subfield>
        </datafield>
        <datafield tag="650" ind1=" " ind2="7">
            <subfield code="a">Public lands</subfield>
            <subfield code="x">Fees.</subfield>
            <subfield code="2">fast</subfield>
            <subfield code="0">(OCoLC)fst01082582</subfield>
        </datafield>
        <datafield tag="650" ind1=" " ind2="7">
            <subfield code="a">User charges</subfield>
            <subfield code="x">Law and legislation.</subfield>
            <subfield code="2">fast</subfield>
            <subfield code="0">(OCoLC)fst01163187</subfield>
        </datafield>
        <datafield tag="650" ind1=" " ind2="7">
            <subfield code="a">Vacation homes</subfield>
            <subfield code="x">Law and legislation.</subfield>
            <subfield code="2">fast</subfield>
            <subfield code="0">(OCoLC)fst01163512</subfield>
        </datafield>
        <datafield tag="651" ind1=" " ind2="7">
            <subfield code="a">United States.</subfield>
            <subfield code="2">fast</subfield>
            <subfield code="0">(OCoLC)fst01204155</subfield>
        </datafield>
        <datafield tag="650" ind1=" " ind2="8">
            <subfield code="a">Houses</subfield>
            <subfield code="x">Law and legislation</subfield>
            <subfield code="z">United States.</subfield>
        </datafield>
        <datafield tag="650" ind1=" " ind2="8">
            <subfield code="a">National parks and reserves</subfield>
            <subfield code="z">United States.</subfield>
        </datafield>
        <datafield tag="650" ind1=" " ind2="8">
            <subfield code="a">Public lands</subfield>
            <subfield code="z">United States.</subfield>
        </datafield>
        <datafield tag="650" ind1=" " ind2="8">
            <subfield code="a">Taxation</subfield>
            <subfield code="x">Law and legislation</subfield>
            <subfield code="z">United States.</subfield>
        </datafield>
        <datafield tag="776" ind1="0" ind2="8">
            <subfield code="i">Online version:</subfield>
            <subfield code="a">United States. Congress. Senate. Committee on Agriculture, Nutrition, and Forestry. Subcommittee on Forestry, Conservation, and Rural Revitalization.</subfield>
            <subfield code="t">S. 1938, the Cabin-User-Fee Fairness Act of 1999.</subfield>
            <subfield code="d">Washington : U.S.G.P.O. : For sale by the U.S.G.P.O., Supt. of Docs., Congressional Sales Office, 2000 [i.e. 2001]</subfield>
            <subfield code="w">(OCoLC)624405434</subfield>
        </datafield>
        <datafield tag="810" ind1="1" ind2=" ">
            <subfield code="a">United States.</subfield>
            <subfield code="b">Congress.</subfield>
            <subfield code="b">Senate.</subfield>
            <subfield code="t">S. hrg. ;</subfield>
            <subfield code="v">106-788.</subfield>
        </datafield>
        <datafield tag="856" ind1="4" ind2="1">
            <subfield code="u">http://law.wlu.edu/library/Services/microformLocations.doc</subfield>
            <subfield code="z">Link to Microform Finding Aid</subfield>
        </datafield>
        <datafield tag="994" ind1=" " ind2=" ">
            <subfield code="a">C0</subfield>
            <subfield code="b">FCF</subfield>
        </datafield>
    </record>