
    <record>
        <leader>03109cam a2200613 a 4500</leader>
        <controlfield tag="001">ocm46712517 </controlfield>
        <controlfield tag="003">OCoLC</controlfield>
        <controlfield tag="005">20230522034334.0</controlfield>
        <controlfield tag="008">010628s2001    dcua         f000 0 eng c</controlfield>
        <datafield tag="010" ind1=" " ind2=" ">
            <subfield code="a">  2001330872</subfield>
        </datafield>
        <datafield tag="040" ind1=" " ind2=" ">
            <subfield code="a">DGPO/DLC</subfield>
            <subfield code="b">eng</subfield>
            <subfield code="c">GPO</subfield>
            <subfield code="d">DLC</subfield>
            <subfield code="d">UBY</subfield>
            <subfield code="d">BTCTA</subfield>
            <subfield code="d">CLU</subfield>
            <subfield code="d">OCLCF</subfield>
            <subfield code="d">OCLCQ</subfield>
            <subfield code="d">UOK</subfield>
            <subfield code="d">VLL</subfield>
            <subfield code="d">TJCBL</subfield>
            <subfield code="d">OCLCO</subfield>
        </datafield>
        <datafield tag="019" ind1=" " ind2=" ">
            <subfield code="a">1083040772</subfield>
        </datafield>
        <datafield tag="020" ind1=" " ind2=" ">
            <subfield code="a">0160655447</subfield>
        </datafield>
        <datafield tag="020" ind1=" " ind2=" ">
            <subfield code="a">9780160655449</subfield>
        </datafield>
        <datafield tag="035" ind1=" " ind2=" ">
            <subfield code="a">(OCoLC)46712517</subfield>
            <subfield code="z">(OCoLC)1083040772</subfield>
        </datafield>
        <datafield tag="043" ind1=" " ind2=" ">
            <subfield code="a">n-us---</subfield>
        </datafield>
        <datafield tag="050" ind1="0" ind2="0">
            <subfield code="a">KF26</subfield>
            <subfield code="b">.C69 1999e</subfield>
        </datafield>
        <datafield tag="074" ind1=" " ind2=" ">
            <subfield code="a">1041-A</subfield>
        </datafield>
        <datafield tag="074" ind1=" " ind2=" ">
            <subfield code="a">1041-B (MF)</subfield>
        </datafield>
        <datafield tag="082" ind1="1" ind2="4">
            <subfield code="a">4.C 73/7:S.HRG.106-828</subfield>
        </datafield>
        <datafield tag="086" ind1="0" ind2=" ">
            <subfield code="a">Y 4.C 73/7:S.HRG.106-828</subfield>
        </datafield>
        <datafield tag="049" ind1=" " ind2=" ">
            <subfield code="a">FCFQ</subfield>
        </datafield>
        <datafield tag="110" ind1="1" ind2=" ">
            <subfield code="a">United States.</subfield>
            <subfield code="b">Congress.</subfield>
            <subfield code="b">Senate.</subfield>
            <subfield code="b">Committee on Commerce, Science, and Transportation.</subfield>
        </datafield>
        <datafield tag="245" ind1="1" ind2="0">
            <subfield code="a">S. 97, the Children's Internet Protection Act :</subfield>
            <subfield code="b">hearing before the Committee on Commerce, Science, and Transportation, United States Senate, One Hundred Sixth Congress, first session, May 20, 1999.</subfield>
        </datafield>
        <datafield tag="246" ind1="3" ind2="0">
            <subfield code="a">Children's Internet Protection Act</subfield>
        </datafield>
        <datafield tag="260" ind1=" " ind2=" ">
            <subfield code="a">Washington :</subfield>
            <subfield code="b">U.S. G.P.O. :</subfield>
            <subfield code="b">For sale by the U.S. G.P.O., Supt. of Docs., Congressional Sales Office,</subfield>
            <subfield code="c">2001.</subfield>
        </datafield>
        <datafield tag="300" ind1=" " ind2=" ">
            <subfield code="a">iii, 59 pages :</subfield>
            <subfield code="b">illustrations ;</subfield>
            <subfield code="c">24 cm.</subfield>
        </datafield>
        <datafield tag="336" ind1=" " ind2=" ">
            <subfield code="a">text</subfield>
            <subfield code="b">txt</subfield>
            <subfield code="2">rdacontent</subfield>
        </datafield>
        <datafield tag="337" ind1=" " ind2=" ">
            <subfield code="a">unmediated</subfield>
            <subfield code="b">n</subfield>
            <subfield code="2">rdamedia</subfield>
        </datafield>
        <datafield tag="338" ind1=" " ind2=" ">
            <subfield code="a">volume</subfield>
            <subfield code="b">nc</subfield>
            <subfield code="2">rdacarrier</subfield>
        </datafield>
        <datafield tag="490" ind1="1" ind2=" ">
            <subfield code="a">S. hrg. ;</subfield>
            <subfield code="v">106-828</subfield>
        </datafield>
        <datafield tag="500" ind1=" " ind2=" ">
            <subfield code="a">Distributed to some depository libraries in microfiche.</subfield>
        </datafield>
        <datafield tag="500" ind1=" " ind2=" ">
            <subfield code="a">Shipping list no.: 2001-0188-P.</subfield>
        </datafield>
        <datafield tag="530" ind1=" " ind2=" ">
            <subfield code="a">Also available in digital form on the Library of Congress Web site.</subfield>
        </datafield>
        <datafield tag="650" ind1=" " ind2="0">
            <subfield code="a">Computer networks</subfield>
            <subfield code="x">Law and legislation</subfield>
            <subfield code="z">United States.</subfield>
        </datafield>
        <datafield tag="650" ind1=" " ind2="0">
            <subfield code="a">Obscenity (Law)</subfield>
            <subfield code="z">United States.</subfield>
        </datafield>
        <datafield tag="650" ind1=" " ind2="0">
            <subfield code="a">Internet and children</subfield>
            <subfield code="z">United States.</subfield>
        </datafield>
        <datafield tag="650" ind1=" " ind2="0">
            <subfield code="a">Computers</subfield>
            <subfield code="x">Access control</subfield>
            <subfield code="z">United States.</subfield>
        </datafield>
        <datafield tag="650" ind1=" " ind2="6">
            <subfield code="a">Internet et enfants</subfield>
            <subfield code="0">(CaQQLa)201-0279505</subfield>
            <subfield code="z">États-Unis.</subfield>
            <subfield code="0">(CaQQLa)201-0407727</subfield>
        </datafield>
        <datafield tag="650" ind1=" " ind2="6">
            <subfield code="a">Ordinateurs</subfield>
            <subfield code="0">(CaQQLa)201-0056439</subfield>
            <subfield code="x">Accès</subfield>
            <subfield code="0">(CaQQLa)201-0056439</subfield>
            <subfield code="x">Contrôle</subfield>
            <subfield code="0">(CaQQLa)201-0056439</subfield>
            <subfield code="z">États-Unis.</subfield>
            <subfield code="0">(CaQQLa)201-0407727</subfield>
        </datafield>
        <datafield tag="650" ind1=" " ind2="7">
            <subfield code="a">Computer networks</subfield>
            <subfield code="x">Law and legislation.</subfield>
            <subfield code="2">fast</subfield>
            <subfield code="0">(OCoLC)fst00872320</subfield>
        </datafield>
        <datafield tag="650" ind1=" " ind2="7">
            <subfield code="a">Computers</subfield>
            <subfield code="x">Access control.</subfield>
            <subfield code="2">fast</subfield>
            <subfield code="0">(OCoLC)fst00872779</subfield>
        </datafield>
        <datafield tag="650" ind1=" " ind2="7">
            <subfield code="a">Internet and children.</subfield>
            <subfield code="2">fast</subfield>
            <subfield code="0">(OCoLC)fst00977226</subfield>
        </datafield>
        <datafield tag="650" ind1=" " ind2="7">
            <subfield code="a">Obscenity (Law)</subfield>
            <subfield code="2">fast</subfield>
            <subfield code="0">(OCoLC)fst01042937</subfield>
        </datafield>
        <datafield tag="651" ind1=" " ind2="7">
            <subfield code="a">United States.</subfield>
            <subfield code="2">fast</subfield>
            <subfield code="0">(OCoLC)fst01204155</subfield>
        </datafield>
        <datafield tag="650" ind1=" " ind2="8">
            <subfield code="a">Computer networks</subfield>
            <subfield code="x">Law and legislation</subfield>
            <subfield code="z">United States.</subfield>
        </datafield>
        <datafield tag="650" ind1=" " ind2="8">
            <subfield code="a">Obscenity (Law)</subfield>
            <subfield code="z">United States.</subfield>
        </datafield>
        <datafield tag="650" ind1=" " ind2="8">
            <subfield code="a">Internet and children</subfield>
            <subfield code="z">United States.</subfield>
        </datafield>
        <datafield tag="650" ind1=" " ind2="8">
            <subfield code="a">Computer security</subfield>
            <subfield code="z">United States.</subfield>
        </datafield>
        <datafield tag="776" ind1="0" ind2="8">
            <subfield code="i">Online version:</subfield>
            <subfield code="a">United States. Congress. Senate. Committee on Commerce, Science, and Transportation.</subfield>
            <subfield code="t">S. 97, the Children's Internet Protection Act.</subfield>
            <subfield code="d">Washington : U.S.G.P.O. : For sale by the U.S.G.P.O., Supt. of Docs., Congressional Sales Office, 2001</subfield>
            <subfield code="w">(OCoLC)933447998</subfield>
        </datafield>
        <datafield tag="810" ind1="1" ind2=" ">
            <subfield code="a">United States.</subfield>
            <subfield code="b">Congress.</subfield>
            <subfield code="b">Senate.</subfield>
            <subfield code="t">S. hrg. ;</subfield>
            <subfield code="v">106-828.</subfield>
        </datafield>
        <datafield tag="856" ind1="4" ind2="1">
            <subfield code="u">http://hdl.loc.gov/loc.law/llconghear.00076624987</subfield>
        </datafield>
        <datafield tag="856" ind1="4" ind2="1">
            <subfield code="u">http://law.wlu.edu/library/Services/microformLocations.doc</subfield>
            <subfield code="z">Link to Microform Finding Aid</subfield>
        </datafield>
        <datafield tag="994" ind1=" " ind2=" ">
            <subfield code="a">C0</subfield>
            <subfield code="b">FCF</subfield>
        </datafield>
    </record>