
    <record>
        <leader>01822cam a2200433Ia 4500</leader>
        <controlfield tag="001">ocm22496676 </controlfield>
        <controlfield tag="003">OCoLC</controlfield>
        <controlfield tag="005">20230522034339.0</controlfield>
        <controlfield tag="008">901011e199007  ilua     t   f000 0 eng d</controlfield>
        <datafield tag="040" ind1=" " ind2=" ">
            <subfield code="a">AEB</subfield>
            <subfield code="b">eng</subfield>
            <subfield code="c">AEB</subfield>
            <subfield code="d">GPO</subfield>
            <subfield code="d">MTG</subfield>
            <subfield code="d">SYB</subfield>
            <subfield code="d">OCLCQ</subfield>
            <subfield code="d">OCLCF</subfield>
            <subfield code="d">OCLCQ</subfield>
            <subfield code="d">OCLCO</subfield>
            <subfield code="d">OCLCA</subfield>
            <subfield code="d">OCLCO</subfield>
        </datafield>
        <datafield tag="035" ind1=" " ind2=" ">
            <subfield code="a">(OCoLC)22496676</subfield>
        </datafield>
        <datafield tag="050" ind1="1" ind2="4">
            <subfield code="a">TH23</subfield>
            <subfield code="b">.U581 P-90/14</subfield>
        </datafield>
        <datafield tag="074" ind1=" " ind2=" ">
            <subfield code="a">0335-A (MF)</subfield>
        </datafield>
        <datafield tag="086" ind1="0" ind2=" ">
            <subfield code="a">D 103.53:P-90/14</subfield>
        </datafield>
        <datafield tag="049" ind1=" " ind2=" ">
            <subfield code="a">FCFQ</subfield>
        </datafield>
        <datafield tag="245" ind1="0" ind2="0">
            <subfield code="a">Employing expert system technologies to real property management decision making /</subfield>
            <subfield code="c">by Sandra F. Kappes [and others].</subfield>
        </datafield>
        <datafield tag="260" ind1=" " ind2=" ">
            <subfield code="a">Champaign, Ill. :</subfield>
            <subfield code="b">US Army Corps of Engineers, Construction Engineering Research Laboratory ;</subfield>
            <subfield code="a">[Springfield, Va.] :</subfield>
            <subfield code="b">[National Technical Information Service, distributor],</subfield>
            <subfield code="c">[1990]</subfield>
        </datafield>
        <datafield tag="300" ind1=" " ind2=" ">
            <subfield code="a">37 pages :</subfield>
            <subfield code="b">illustrations ;</subfield>
            <subfield code="c">28 cm.</subfield>
        </datafield>
        <datafield tag="336" ind1=" " ind2=" ">
            <subfield code="a">text</subfield>
            <subfield code="b">txt</subfield>
            <subfield code="2">rdacontent</subfield>
        </datafield>
        <datafield tag="337" ind1=" " ind2=" ">
            <subfield code="a">unmediated</subfield>
            <subfield code="b">n</subfield>
            <subfield code="2">rdamedia</subfield>
        </datafield>
        <datafield tag="338" ind1=" " ind2=" ">
            <subfield code="a">volume</subfield>
            <subfield code="b">nc</subfield>
            <subfield code="2">rdacarrier</subfield>
        </datafield>
        <datafield tag="490" ind1="1" ind2=" ">
            <subfield code="a">USACERL technical report ;</subfield>
            <subfield code="v">P-90/14</subfield>
        </datafield>
        <datafield tag="513" ind1=" " ind2=" ">
            <subfield code="a">Final.</subfield>
        </datafield>
        <datafield tag="500" ind1=" " ind2=" ">
            <subfield code="a">Cover title.</subfield>
        </datafield>
        <datafield tag="500" ind1=" " ind2=" ">
            <subfield code="a">&quot;Knowledge-based techniques for RPMA decisions.&quot;</subfield>
        </datafield>
        <datafield tag="500" ind1=" " ind2=" ">
            <subfield code="a">Distributed to depository libraries in microfiche.</subfield>
        </datafield>
        <datafield tag="500" ind1=" " ind2=" ">
            <subfield code="a">&quot;July 1990.&quot;</subfield>
        </datafield>
        <datafield tag="536" ind1=" " ind2=" ">
            <subfield code="a">HQUSACE.</subfield>
            <subfield code="d">A23,</subfield>
            <subfield code="d">SB,</subfield>
            <subfield code="d">EM9.</subfield>
        </datafield>
        <datafield tag="650" ind1=" " ind2="0">
            <subfield code="a">Real property</subfield>
            <subfield code="x">Management.</subfield>
        </datafield>
        <datafield tag="650" ind1=" " ind2="0">
            <subfield code="a">Expert systems (Computer science)</subfield>
        </datafield>
        <datafield tag="650" ind1=" " ind2="2">
            <subfield code="a">Expert Systems</subfield>
            <subfield code="0">(DNLM)D005103</subfield>
        </datafield>
        <datafield tag="650" ind1=" " ind2="6">
            <subfield code="a">Biens réels</subfield>
            <subfield code="0">(CaQQLa)201-0000124</subfield>
            <subfield code="x">Gestion.</subfield>
            <subfield code="0">(CaQQLa)201-0380063</subfield>
        </datafield>
        <datafield tag="650" ind1=" " ind2="6">
            <subfield code="a">Systèmes experts (Informatique)</subfield>
            <subfield code="0">(CaQQLa)201-0124822</subfield>
        </datafield>
        <datafield tag="650" ind1=" " ind2="7">
            <subfield code="a">Expert systems (Computer science)</subfield>
            <subfield code="2">fast</subfield>
            <subfield code="0">(OCoLC)fst00918516</subfield>
        </datafield>
        <datafield tag="650" ind1=" " ind2="7">
            <subfield code="a">Real property</subfield>
            <subfield code="x">Management.</subfield>
            <subfield code="2">fast</subfield>
            <subfield code="0">(OCoLC)fst01091127</subfield>
        </datafield>
        <datafield tag="700" ind1="1" ind2=" ">
            <subfield code="a">Kappes, Sandra F.</subfield>
        </datafield>
        <datafield tag="710" ind1="2" ind2=" ">
            <subfield code="a">Construction Engineering Research Laboratory (U.S. : 1969-1992)</subfield>
        </datafield>
        <datafield tag="830" ind1=" " ind2="0">
            <subfield code="a">USACERL technical report ;</subfield>
            <subfield code="v">P-90/14.</subfield>
        </datafield>
        <datafield tag="994" ind1=" " ind2=" ">
            <subfield code="a">C0</subfield>
            <subfield code="b">FCF</subfield>
        </datafield>
    </record>