
    <record>
        <leader>03226cem a2200577 a 4500</leader>
        <controlfield tag="001">ocn183190889</controlfield>
        <controlfield tag="003">OCoLC</controlfield>
        <controlfield tag="005">20230522034341.0</controlfield>
        <controlfield tag="006">m     o  d f      </controlfield>
        <controlfield tag="007">aj aznzn</controlfield>
        <controlfield tag="007">cr cnu-- m||||</controlfield>
        <controlfield tag="008">071210s2007    flu    bh a  fo 1   eng d</controlfield>
        <datafield tag="040" ind1=" " ind2=" ">
            <subfield code="a">GIS</subfield>
            <subfield code="b">eng</subfield>
            <subfield code="c">GIS</subfield>
            <subfield code="d">GPO</subfield>
            <subfield code="d">OCLCQ</subfield>
            <subfield code="d">OCLCF</subfield>
            <subfield code="d">OCLCA</subfield>
            <subfield code="d">OCLCQ</subfield>
            <subfield code="d">OCLCO</subfield>
            <subfield code="d">OCLCQ</subfield>
            <subfield code="d">LWA</subfield>
            <subfield code="d">OCLCA</subfield>
            <subfield code="d">UOK</subfield>
            <subfield code="d">INT</subfield>
            <subfield code="d">OCLCQ</subfield>
            <subfield code="d">OCLCA</subfield>
            <subfield code="d">OCLCQ</subfield>
            <subfield code="d">OCLCO</subfield>
            <subfield code="d">OCLCQ</subfield>
        </datafield>
        <datafield tag="019" ind1=" " ind2=" ">
            <subfield code="a">1098328245</subfield>
            <subfield code="a">1226803013</subfield>
            <subfield code="a">1226808682</subfield>
            <subfield code="a">1226847592</subfield>
            <subfield code="a">1226855595</subfield>
            <subfield code="a">1226941085</subfield>
            <subfield code="a">1226941758</subfield>
            <subfield code="a">1226985538</subfield>
            <subfield code="a">1226987270</subfield>
            <subfield code="a">1226996493</subfield>
            <subfield code="a">1227009810</subfield>
            <subfield code="a">1227010034</subfield>
        </datafield>
        <datafield tag="034" ind1="1" ind2=" ">
            <subfield code="a">a</subfield>
            <subfield code="b">500000</subfield>
            <subfield code="d">W0830000</subfield>
            <subfield code="e">W0800000</subfield>
            <subfield code="f">N0313000</subfield>
            <subfield code="g">N0263000</subfield>
        </datafield>
        <datafield tag="035" ind1=" " ind2=" ">
            <subfield code="a">(OCoLC)183190889</subfield>
            <subfield code="z">(OCoLC)1098328245</subfield>
            <subfield code="z">(OCoLC)1226803013</subfield>
            <subfield code="z">(OCoLC)1226808682</subfield>
            <subfield code="z">(OCoLC)1226847592</subfield>
            <subfield code="z">(OCoLC)1226855595</subfield>
            <subfield code="z">(OCoLC)1226941085</subfield>
            <subfield code="z">(OCoLC)1226941758</subfield>
            <subfield code="z">(OCoLC)1226985538</subfield>
            <subfield code="z">(OCoLC)1226987270</subfield>
            <subfield code="z">(OCoLC)1226996493</subfield>
            <subfield code="z">(OCoLC)1227009810</subfield>
            <subfield code="z">(OCoLC)1227010034</subfield>
        </datafield>
        <datafield tag="043" ind1=" " ind2=" ">
            <subfield code="a">n-us-fl</subfield>
        </datafield>
        <datafield tag="052" ind1=" " ind2=" ">
            <subfield code="a">3931</subfield>
        </datafield>
        <datafield tag="074" ind1=" " ind2=" ">
            <subfield code="a">0624-H (online)</subfield>
        </datafield>
        <datafield tag="082" ind1="1" ind2="4">
            <subfield code="a">19.76:2007-1215</subfield>
        </datafield>
        <datafield tag="086" ind1="0" ind2=" ">
            <subfield code="a">I 19.76:2007-1215</subfield>
        </datafield>
        <datafield tag="049" ind1=" " ind2=" ">
            <subfield code="a">FCFQ</subfield>
        </datafield>
        <datafield tag="100" ind1="1" ind2=" ">
            <subfield code="a">Kinnaman, Sandra L.</subfield>
        </datafield>
        <datafield tag="245" ind1="1" ind2="0">
            <subfield code="a">Potentiometric surface of the upper Floridan Aquifer in the St. Johns River Water Management District and vicinity, Florida, September, 2006 /</subfield>
            <subfield code="c">by Sandra L. Kinnaman and Joann F. Dixon ; prepared in cooperation with St. Johns River Water Management District, South Florida Water Management District, [and the] Southwest Florida Water Management District.</subfield>
        </datafield>
        <datafield tag="255" ind1=" " ind2=" ">
            <subfield code="a">Scale [ca. 1:500,000] ;</subfield>
            <subfield code="b">universal transverse Mercator projection</subfield>
            <subfield code="c">(W 83°00ʹ--W 80°00ʹ/N 31°30ʹ--N 26°30ʹ).</subfield>
        </datafield>
        <datafield tag="260" ind1=" " ind2=" ">
            <subfield code="a">[Tallahassee, Fla.?] :</subfield>
            <subfield code="b">U.S. Geological Survey ;</subfield>
            <subfield code="a">Denver, Colo. :</subfield>
            <subfield code="b">U.S. Geological Survey, Branch of Information Services [distributor],</subfield>
            <subfield code="c">2007.</subfield>
        </datafield>
        <datafield tag="300" ind1=" " ind2=" ">
            <subfield code="a">1 online resource (1 map)</subfield>
        </datafield>
        <datafield tag="336" ind1=" " ind2=" ">
            <subfield code="a">cartographic image</subfield>
            <subfield code="b">cri</subfield>
            <subfield code="2">rdacontent</subfield>
        </datafield>
        <datafield tag="337" ind1=" " ind2=" ">
            <subfield code="a">computer</subfield>
            <subfield code="b">c</subfield>
            <subfield code="2">rdamedia</subfield>
        </datafield>
        <datafield tag="338" ind1=" " ind2=" ">
            <subfield code="a">online resource</subfield>
            <subfield code="b">cr</subfield>
            <subfield code="2">rdacarrier</subfield>
        </datafield>
        <datafield tag="490" ind1="1" ind2=" ">
            <subfield code="a">Open-file report ;</subfield>
            <subfield code="v">2007-1215</subfield>
        </datafield>
        <datafield tag="538" ind1=" " ind2=" ">
            <subfield code="a">Mode of access: Internet from the USGS web site. Address as of 12/14/07: http://pubs.usgs.gov/of/2007/1215/pdf/ofr2007-1215.pdf; current access via PURL.</subfield>
        </datafield>
        <datafield tag="500" ind1=" " ind2=" ">
            <subfield code="a">Title from HTML index page (viewed December 10, 2007).</subfield>
        </datafield>
        <datafield tag="500" ind1=" " ind2=" ">
            <subfield code="a">Includes text and 1 location map.</subfield>
        </datafield>
        <datafield tag="538" ind1=" " ind2=" ">
            <subfield code="a">System requirements: PC with Internet access and Adobe Acrobat Reader installed to read .pdf file.</subfield>
        </datafield>
        <datafield tag="650" ind1=" " ind2="0">
            <subfield code="a">Water table</subfield>
            <subfield code="z">Floridan Aquifer</subfield>
            <subfield code="v">Maps.</subfield>
        </datafield>
        <datafield tag="650" ind1=" " ind2="0">
            <subfield code="a">Groundwater</subfield>
            <subfield code="z">Floridan Aquifer</subfield>
            <subfield code="v">Maps.</subfield>
        </datafield>
        <datafield tag="651" ind1=" " ind2="0">
            <subfield code="a">Floridan Aquifer</subfield>
            <subfield code="v">Maps.</subfield>
        </datafield>
        <datafield tag="650" ind1=" " ind2="7">
            <subfield code="a">Groundwater.</subfield>
            <subfield code="2">fast</subfield>
            <subfield code="0">(OCoLC)fst00948209</subfield>
        </datafield>
        <datafield tag="650" ind1=" " ind2="7">
            <subfield code="a">Water table.</subfield>
            <subfield code="2">fast</subfield>
            <subfield code="0">(OCoLC)fst01172103</subfield>
        </datafield>
        <datafield tag="651" ind1=" " ind2="7">
            <subfield code="a">United States</subfield>
            <subfield code="z">Floridan Aquifer.</subfield>
            <subfield code="2">fast</subfield>
            <subfield code="0">(OCoLC)fst01244230</subfield>
        </datafield>
        <datafield tag="655" ind1=" " ind2="7">
            <subfield code="a">Maps.</subfield>
            <subfield code="2">fast</subfield>
            <subfield code="0">(OCoLC)fst01423704</subfield>
        </datafield>
        <datafield tag="700" ind1="1" ind2=" ">
            <subfield code="a">Dixon, Joann.</subfield>
        </datafield>
        <datafield tag="710" ind1="2" ind2=" ">
            <subfield code="a">Geological Survey (U.S.)</subfield>
        </datafield>
        <datafield tag="710" ind1="1" ind2=" ">
            <subfield code="a">St. Johns River Water Management District (Fla.)</subfield>
        </datafield>
        <datafield tag="710" ind1="1" ind2=" ">
            <subfield code="a">South Florida Water Management District (Fla.)</subfield>
        </datafield>
        <datafield tag="710" ind1="1" ind2=" ">
            <subfield code="a">Southwest Florida Water Management District (Fla.)</subfield>
        </datafield>
        <datafield tag="830" ind1=" " ind2="0">
            <subfield code="a">U.S. Geological Survey open-file report ;</subfield>
            <subfield code="v">2007-1215.</subfield>
        </datafield>
        <datafield tag="856" ind1="4" ind2="0">
            <subfield code="u">https://purl.fdlp.gov/GPO/LPS88815</subfield>
            <subfield code="7">0</subfield>
        </datafield>
        <datafield tag="856" ind1="4" ind2="0">
            <subfield code="u">https://purl.fdlp.gov/GPO/LPS88815</subfield>
            <subfield code="z">connect to online version. (PDF)</subfield>
            <subfield code="7">0</subfield>
        </datafield>
        <datafield tag="994" ind1=" " ind2=" ">
            <subfield code="a">C0</subfield>
            <subfield code="b">FCF</subfield>
        </datafield>
    </record>