
    <record>
        <leader>03352cem a2200697 a 4500</leader>
        <controlfield tag="001">ocn162130595</controlfield>
        <controlfield tag="003">OCoLC</controlfield>
        <controlfield tag="005">20230522034343.0</controlfield>
        <controlfield tag="006">m     o  d f      </controlfield>
        <controlfield tag="007">aj cznzn</controlfield>
        <controlfield tag="007">cr cnu-- m||||</controlfield>
        <controlfield tag="008">070802s2007    vau    cc a  fo 0   eng d</controlfield>
        <datafield tag="040" ind1=" " ind2=" ">
            <subfield code="a">GIS</subfield>
            <subfield code="b">eng</subfield>
            <subfield code="c">GIS</subfield>
            <subfield code="d">GPO</subfield>
            <subfield code="d">OCLCQ</subfield>
            <subfield code="d">OCLCF</subfield>
            <subfield code="d">OCLCO</subfield>
            <subfield code="d">OCLCQ</subfield>
            <subfield code="d">OCLCA</subfield>
            <subfield code="d">LWA</subfield>
            <subfield code="d">UOK</subfield>
            <subfield code="d">OCLCA</subfield>
            <subfield code="d">INT</subfield>
            <subfield code="d">OCLCQ</subfield>
            <subfield code="d">OCLCO</subfield>
            <subfield code="d">OCLCQ</subfield>
        </datafield>
        <datafield tag="019" ind1=" " ind2=" ">
            <subfield code="a">743394997</subfield>
            <subfield code="a">1098341633</subfield>
        </datafield>
        <datafield tag="034" ind1="1" ind2=" ">
            <subfield code="a">a</subfield>
            <subfield code="b">2000000</subfield>
            <subfield code="d">W1170000</subfield>
            <subfield code="e">W1020000</subfield>
            <subfield code="f">N0490000</subfield>
            <subfield code="g">N0310000</subfield>
        </datafield>
        <datafield tag="035" ind1=" " ind2=" ">
            <subfield code="a">(OCoLC)162130595</subfield>
            <subfield code="z">(OCoLC)743394997</subfield>
            <subfield code="z">(OCoLC)1098341633</subfield>
        </datafield>
        <datafield tag="043" ind1=" " ind2=" ">
            <subfield code="a">n-usp--</subfield>
        </datafield>
        <datafield tag="052" ind1=" " ind2=" ">
            <subfield code="a">4320</subfield>
        </datafield>
        <datafield tag="052" ind1=" " ind2=" ">
            <subfield code="a">4310</subfield>
        </datafield>
        <datafield tag="052" ind1=" " ind2=" ">
            <subfield code="a">4270</subfield>
        </datafield>
        <datafield tag="052" ind1=" " ind2=" ">
            <subfield code="a">4260</subfield>
        </datafield>
        <datafield tag="052" ind1=" " ind2=" ">
            <subfield code="a">4250</subfield>
        </datafield>
        <datafield tag="074" ind1=" " ind2=" ">
            <subfield code="a">0624-H (online)</subfield>
        </datafield>
        <datafield tag="082" ind1="1" ind2="4">
            <subfield code="a">19.76:2007-1182</subfield>
        </datafield>
        <datafield tag="086" ind1="0" ind2=" ">
            <subfield code="a">I 19.76:2007-1182</subfield>
        </datafield>
        <datafield tag="049" ind1=" " ind2=" ">
            <subfield code="a">FCFQ</subfield>
        </datafield>
        <datafield tag="100" ind1="1" ind2=" ">
            <subfield code="a">Van Gosen, B. S.</subfield>
            <subfield code="q">(Bradley S.),</subfield>
            <subfield code="d">1960-</subfield>
        </datafield>
        <datafield tag="245" ind1="1" ind2="0">
            <subfield code="a">Reported historic asbestos mines, historic asbestos prospects and natural asbestos occurrences in the Rocky Mountain states of the United States (Colorado, Idaho, Montana, New Mexico, and Wyoming) /</subfield>
            <subfield code="c">by Bradley S. Van Gosen.</subfield>
        </datafield>
        <datafield tag="250" ind1=" " ind2=" ">
            <subfield code="a">Version 1.0, posted July 2007.</subfield>
        </datafield>
        <datafield tag="255" ind1=" " ind2=" ">
            <subfield code="a">Scale [ca. 1:2,000,000] ;</subfield>
            <subfield code="b">Lambert conformal conic projection</subfield>
            <subfield code="c">(W 117°--W 102°/N 49°--N 31°).</subfield>
        </datafield>
        <datafield tag="260" ind1=" " ind2=" ">
            <subfield code="a">[Reston, Va.] :</subfield>
            <subfield code="b">U.S. Dept. of the Interior, U.S. Geological Survey,</subfield>
            <subfield code="c">2007.</subfield>
        </datafield>
        <datafield tag="300" ind1=" " ind2=" ">
            <subfield code="a">1 online resource (1 electronic map)</subfield>
        </datafield>
        <datafield tag="336" ind1=" " ind2=" ">
            <subfield code="a">cartographic image</subfield>
            <subfield code="b">cri</subfield>
            <subfield code="2">rdacontent</subfield>
        </datafield>
        <datafield tag="337" ind1=" " ind2=" ">
            <subfield code="a">computer</subfield>
            <subfield code="b">c</subfield>
            <subfield code="2">rdamedia</subfield>
        </datafield>
        <datafield tag="338" ind1=" " ind2=" ">
            <subfield code="a">online resource</subfield>
            <subfield code="b">cr</subfield>
            <subfield code="2">rdacarrier</subfield>
        </datafield>
        <datafield tag="490" ind1="1" ind2=" ">
            <subfield code="a">Open-file report ;</subfield>
            <subfield code="v">2007-1182</subfield>
        </datafield>
        <datafield tag="538" ind1=" " ind2=" ">
            <subfield code="a">Mode of access: Internet from the USGS web site. Address as of 11/28/07: http://pubs.usgs.gov/of/2007/1182/; current access via PURL.</subfield>
        </datafield>
        <datafield tag="500" ind1=" " ind2=" ">
            <subfield code="a">Title from HTML index page (viewed on November 28, 2007).</subfield>
        </datafield>
        <datafield tag="500" ind1=" " ind2=" ">
            <subfield code="a">Includes text and col. ill.</subfield>
        </datafield>
        <datafield tag="504" ind1=" " ind2=" ">
            <subfield code="a">Includes bibliographical references.</subfield>
        </datafield>
        <datafield tag="538" ind1=" " ind2=" ">
            <subfield code="a">System requirements: PC with Internet access and Adobe Acrobat Reader or similar software installed to handle .pdf files.</subfield>
        </datafield>
        <datafield tag="650" ind1=" " ind2="0">
            <subfield code="a">Asbestos mines and mining</subfield>
            <subfield code="z">Montana</subfield>
            <subfield code="v">Maps.</subfield>
        </datafield>
        <datafield tag="650" ind1=" " ind2="0">
            <subfield code="a">Asbestos mines and mining</subfield>
            <subfield code="z">Idaho</subfield>
            <subfield code="v">Maps.</subfield>
        </datafield>
        <datafield tag="650" ind1=" " ind2="0">
            <subfield code="a">Asbestos mines and mining</subfield>
            <subfield code="z">Colorado</subfield>
            <subfield code="v">Maps.</subfield>
        </datafield>
        <datafield tag="650" ind1=" " ind2="0">
            <subfield code="a">Asbestos mines and mining</subfield>
            <subfield code="z">Wyoming</subfield>
            <subfield code="v">Maps.</subfield>
        </datafield>
        <datafield tag="650" ind1=" " ind2="0">
            <subfield code="a">Asbestos mines and mining</subfield>
            <subfield code="z">New Mexico</subfield>
            <subfield code="v">Maps.</subfield>
        </datafield>
        <datafield tag="650" ind1=" " ind2="7">
            <subfield code="a">Asbestos mines and mining.</subfield>
            <subfield code="2">fast</subfield>
            <subfield code="0">(OCoLC)fst00818391</subfield>
        </datafield>
        <datafield tag="651" ind1=" " ind2="7">
            <subfield code="a">Colorado.</subfield>
            <subfield code="2">fast</subfield>
            <subfield code="0">(OCoLC)fst01210251</subfield>
        </datafield>
        <datafield tag="651" ind1=" " ind2="7">
            <subfield code="a">Idaho.</subfield>
            <subfield code="2">fast</subfield>
            <subfield code="0">(OCoLC)fst01211709</subfield>
        </datafield>
        <datafield tag="651" ind1=" " ind2="7">
            <subfield code="a">Montana.</subfield>
            <subfield code="2">fast</subfield>
            <subfield code="0">(OCoLC)fst01207555</subfield>
        </datafield>
        <datafield tag="651" ind1=" " ind2="7">
            <subfield code="a">New Mexico.</subfield>
            <subfield code="2">fast</subfield>
            <subfield code="0">(OCoLC)fst01204269</subfield>
        </datafield>
        <datafield tag="651" ind1=" " ind2="7">
            <subfield code="a">Wyoming.</subfield>
            <subfield code="2">fast</subfield>
            <subfield code="0">(OCoLC)fst01204583</subfield>
        </datafield>
        <datafield tag="655" ind1=" " ind2="7">
            <subfield code="a">Maps.</subfield>
            <subfield code="2">fast</subfield>
            <subfield code="0">(OCoLC)fst01423704</subfield>
        </datafield>
        <datafield tag="710" ind1="2" ind2=" ">
            <subfield code="a">Geological Survey (U.S.)</subfield>
        </datafield>
        <datafield tag="830" ind1=" " ind2="0">
            <subfield code="a">U.S. Geological Survey open-file report ;</subfield>
            <subfield code="v">2007-1182.</subfield>
        </datafield>
        <datafield tag="856" ind1="4" ind2="0">
            <subfield code="u">https://purl.fdlp.gov/GPO/LPS88265</subfield>
            <subfield code="7">0</subfield>
        </datafield>
        <datafield tag="856" ind1="4" ind2="1">
            <subfield code="u">http://pubs.usgs.gov/of/2006/1211/</subfield>
            <subfield code="z">For central U.S. asbestos mapping, see report 2006-1211</subfield>
        </datafield>
        <datafield tag="856" ind1="4" ind2="1">
            <subfield code="u">http://pubs.usgs.gov/of/2006/1211/</subfield>
            <subfield code="z">connect to online version for central U.S. asbestos mapping, see report 2006-1211.</subfield>
        </datafield>
        <datafield tag="856" ind1="4" ind2="2">
            <subfield code="u">http://pubs.usgs.gov/of/2005/1189/</subfield>
            <subfield code="z">For eastern U.S. asbestos mapping, see report 2005-1189</subfield>
        </datafield>
        <datafield tag="856" ind1="4" ind2="2">
            <subfield code="u">http://pubs.usgs.gov/of/2005/1189/</subfield>
            <subfield code="z">connect to online version for eastern U.S. asbestos mapping, see report 2005-1189.</subfield>
        </datafield>
        <datafield tag="994" ind1=" " ind2=" ">
            <subfield code="a">C0</subfield>
            <subfield code="b">FCF</subfield>
        </datafield>
    </record>