
    <record>
        <leader>02530cam a2200493 i 4500</leader>
        <controlfield tag="001">ocm19259934 </controlfield>
        <controlfield tag="003">OCoLC</controlfield>
        <controlfield tag="005">20230522034344.0</controlfield>
        <controlfield tag="008">890224s1988    scua     bf  f000 0 eng d</controlfield>
        <datafield tag="040" ind1=" " ind2=" ">
            <subfield code="a">OLA</subfield>
            <subfield code="b">eng</subfield>
            <subfield code="e">rda</subfield>
            <subfield code="c">OLA</subfield>
            <subfield code="d">GPO</subfield>
            <subfield code="d">OCL</subfield>
            <subfield code="d">MTG</subfield>
            <subfield code="d">OCLCQ</subfield>
            <subfield code="d">OCLCF</subfield>
            <subfield code="d">OCLCQ</subfield>
            <subfield code="d">OLA</subfield>
            <subfield code="d">OCL</subfield>
            <subfield code="d">OCLCQ</subfield>
            <subfield code="d">COM</subfield>
            <subfield code="d">OCLCO</subfield>
            <subfield code="d">OCLCQ</subfield>
        </datafield>
        <datafield tag="019" ind1=" " ind2=" ">
            <subfield code="a">1047688101</subfield>
        </datafield>
        <datafield tag="035" ind1=" " ind2=" ">
            <subfield code="a">(OCoLC)19259934</subfield>
            <subfield code="z">(OCoLC)1047688101</subfield>
        </datafield>
        <datafield tag="050" ind1="1" ind2="4">
            <subfield code="a">SH11.A2</subfield>
            <subfield code="b">S65 no.211</subfield>
        </datafield>
        <datafield tag="074" ind1=" " ind2=" ">
            <subfield code="a">208-C-4 (MF)</subfield>
        </datafield>
        <datafield tag="086" ind1="0" ind2=" ">
            <subfield code="a">C 55.13/2:NMFS-SEFC-211</subfield>
        </datafield>
        <datafield tag="049" ind1=" " ind2=" ">
            <subfield code="a">FCFQ</subfield>
        </datafield>
        <datafield tag="245" ind1="0" ind2="0">
            <subfield code="a">Biomedical test materials program :</subfield>
            <subfield code="b">analytical methods for the quality assurance of fish oil /</subfield>
            <subfield code="c">Frances M. Van Dolah, Sylvia B. Galloway, editors.</subfield>
        </datafield>
        <datafield tag="264" ind1=" " ind2="1">
            <subfield code="a">Charleston, S.C. :</subfield>
            <subfield code="b">U.S. Department of Commerce, National Oceanic and Atmospheric Administration, National Marine Fisheries Service, Southeast Fisheries Center, Charleston Laboratory,</subfield>
            <subfield code="c">[1988]</subfield>
        </datafield>
        <datafield tag="300" ind1=" " ind2=" ">
            <subfield code="a">iii, 115 leaves :</subfield>
            <subfield code="b">illustrations ;</subfield>
            <subfield code="c">28 cm</subfield>
        </datafield>
        <datafield tag="336" ind1=" " ind2=" ">
            <subfield code="a">text</subfield>
            <subfield code="b">txt</subfield>
            <subfield code="2">rdacontent</subfield>
        </datafield>
        <datafield tag="337" ind1=" " ind2=" ">
            <subfield code="a">unmediated</subfield>
            <subfield code="b">n</subfield>
            <subfield code="2">rdamedia</subfield>
        </datafield>
        <datafield tag="338" ind1=" " ind2=" ">
            <subfield code="a">volume</subfield>
            <subfield code="b">nc</subfield>
            <subfield code="2">rdacarrier</subfield>
        </datafield>
        <datafield tag="490" ind1="1" ind2=" ">
            <subfield code="a">NOAA technical memorandum NMFS-SEFC ;</subfield>
            <subfield code="v">211</subfield>
        </datafield>
        <datafield tag="500" ind1=" " ind2=" ">
            <subfield code="a">Distributed to depository libraries in microfiche.</subfield>
        </datafield>
        <datafield tag="500" ind1=" " ind2=" ">
            <subfield code="a">&quot;November, 1988&quot;--Cover</subfield>
        </datafield>
        <datafield tag="504" ind1=" " ind2=" ">
            <subfield code="a">Includes bibliographical references.</subfield>
        </datafield>
        <datafield tag="530" ind1=" " ind2=" ">
            <subfield code="a">Also available online in PDF via the NOAA Central Library.</subfield>
        </datafield>
        <datafield tag="650" ind1=" " ind2="0">
            <subfield code="a">Fish oils</subfield>
            <subfield code="x">Analysis</subfield>
            <subfield code="v">Handbooks, manuals, etc.</subfield>
        </datafield>
        <datafield tag="650" ind1=" " ind2="0">
            <subfield code="a">Fish oils</subfield>
            <subfield code="x">Quality control.</subfield>
        </datafield>
        <datafield tag="650" ind1=" " ind2="6">
            <subfield code="a">Huiles de poisson</subfield>
            <subfield code="0">(CaQQLa)201-0024320</subfield>
            <subfield code="x">Analyse</subfield>
            <subfield code="0">(CaQQLa)201-0374819</subfield>
            <subfield code="v">Guides, manuels, etc.</subfield>
            <subfield code="0">(CaQQLa)201-0377046</subfield>
        </datafield>
        <datafield tag="650" ind1=" " ind2="6">
            <subfield code="a">Huiles de poisson</subfield>
            <subfield code="0">(CaQQLa)201-0024320</subfield>
            <subfield code="x">Qualité</subfield>
            <subfield code="0">(CaQQLa)201-0380200</subfield>
            <subfield code="x">Contrôle.</subfield>
            <subfield code="0">(CaQQLa)201-0380200</subfield>
        </datafield>
        <datafield tag="650" ind1=" " ind2="7">
            <subfield code="a">Fish oils</subfield>
            <subfield code="x">Analysis.</subfield>
            <subfield code="2">fast</subfield>
            <subfield code="0">(OCoLC)fst00925913</subfield>
        </datafield>
        <datafield tag="650" ind1=" " ind2="7">
            <subfield code="a">Fish oils</subfield>
            <subfield code="x">Quality control.</subfield>
            <subfield code="2">fast</subfield>
            <subfield code="0">(OCoLC)fst00925919</subfield>
        </datafield>
        <datafield tag="655" ind1=" " ind2="2">
            <subfield code="a">Handbook</subfield>
            <subfield code="0">(DNLM)D020479</subfield>
        </datafield>
        <datafield tag="655" ind1=" " ind2="7">
            <subfield code="a">Handbooks and manuals.</subfield>
            <subfield code="2">fast</subfield>
            <subfield code="0">(OCoLC)fst01423877</subfield>
        </datafield>
        <datafield tag="655" ind1=" " ind2="7">
            <subfield code="a">Handbooks and manuals.</subfield>
            <subfield code="2">lcgft</subfield>
        </datafield>
        <datafield tag="655" ind1=" " ind2="7">
            <subfield code="a">Guides et manuels.</subfield>
            <subfield code="2">rvmgf</subfield>
            <subfield code="0">(CaQQLa)RVMGF-000001065</subfield>
        </datafield>
        <datafield tag="700" ind1="1" ind2=" ">
            <subfield code="a">Van Dolah, Frances M.,</subfield>
            <subfield code="e">editor.</subfield>
        </datafield>
        <datafield tag="700" ind1="1" ind2=" ">
            <subfield code="a">Galloway, Sylvia B.,</subfield>
            <subfield code="e">editor.</subfield>
        </datafield>
        <datafield tag="710" ind1="2" ind2=" ">
            <subfield code="a">Southeast Fisheries Center (U.S.).</subfield>
            <subfield code="b">Charleston Laboratory,</subfield>
            <subfield code="e">publisher.</subfield>
        </datafield>
        <datafield tag="830" ind1=" " ind2="0">
            <subfield code="a">NOAA technical memorandum NMFS-SEFC ;</subfield>
            <subfield code="v">211.</subfield>
        </datafield>
        <datafield tag="856" ind1="4" ind2="1">
            <subfield code="u">https://library.oarcloud.noaa.gov/noaa_documents.lib/NMFS/SEFSC/TM_NMFS_SEFSC/NMFS_SEFSC_TM_211.pdf</subfield>
            <subfield code="z">Online version in PDF (5.0 MB)</subfield>
        </datafield>
        <datafield tag="856" ind1="4" ind2=" ">
            <subfield code="u">http://www.sefsc.noaa.gov/P_QryLDS/download/TM209_TM-211.pdf?id=LDS</subfield>
            <subfield code="z">Online version in PDF</subfield>
        </datafield>
        <datafield tag="994" ind1=" " ind2=" ">
            <subfield code="a">C0</subfield>
            <subfield code="b">FCF</subfield>
        </datafield>
    </record>