
    <record>
        <leader>02679cam a2200541Ia 4500</leader>
        <controlfield tag="001">ocm71203142 </controlfield>
        <controlfield tag="003">OCoLC</controlfield>
        <controlfield tag="005">20230522034346.0</controlfield>
        <controlfield tag="006">m     o  d f      </controlfield>
        <controlfield tag="007">cr mn|||||||||</controlfield>
        <controlfield tag="008">060829s2006    dcua    o    f000 0 eng d</controlfield>
        <datafield tag="040" ind1=" " ind2=" ">
            <subfield code="a">GPO</subfield>
            <subfield code="b">eng</subfield>
            <subfield code="c">GPO</subfield>
            <subfield code="d">GPO</subfield>
            <subfield code="d">GAO</subfield>
            <subfield code="d">OCLCQ</subfield>
            <subfield code="d">OCLCA</subfield>
            <subfield code="d">OCLCF</subfield>
            <subfield code="d">OCLCQ</subfield>
            <subfield code="d">OCLCA</subfield>
            <subfield code="d">SYB</subfield>
            <subfield code="d">LWA</subfield>
            <subfield code="d">OCLCQ</subfield>
            <subfield code="d">ZCY</subfield>
        </datafield>
        <datafield tag="019" ind1=" " ind2=" ">
            <subfield code="a">81454082</subfield>
            <subfield code="a">849583269</subfield>
            <subfield code="a">1011820415</subfield>
            <subfield code="a">1031636547</subfield>
            <subfield code="a">1031828428</subfield>
            <subfield code="a">1039360190</subfield>
            <subfield code="a">1067126827</subfield>
            <subfield code="a">1130600037</subfield>
        </datafield>
        <datafield tag="035" ind1=" " ind2=" ">
            <subfield code="a">(OCoLC)71203142</subfield>
            <subfield code="z">(OCoLC)81454082</subfield>
            <subfield code="z">(OCoLC)849583269</subfield>
            <subfield code="z">(OCoLC)1011820415</subfield>
            <subfield code="z">(OCoLC)1031636547</subfield>
            <subfield code="z">(OCoLC)1031828428</subfield>
            <subfield code="z">(OCoLC)1039360190</subfield>
            <subfield code="z">(OCoLC)1067126827</subfield>
            <subfield code="z">(OCoLC)1130600037</subfield>
        </datafield>
        <datafield tag="043" ind1=" " ind2=" ">
            <subfield code="a">n-us---</subfield>
        </datafield>
        <datafield tag="050" ind1=" " ind2="4">
            <subfield code="a">LC89</subfield>
            <subfield code="b">.A57 2006</subfield>
        </datafield>
        <datafield tag="074" ind1=" " ind2=" ">
            <subfield code="a">0455-B-02 (online)</subfield>
        </datafield>
        <datafield tag="086" ind1="0" ind2=" ">
            <subfield code="a">ED 1.2:ED 8/34</subfield>
        </datafield>
        <datafield tag="049" ind1=" " ind2=" ">
            <subfield code="a">FCFQ</subfield>
        </datafield>
        <datafield tag="245" ind1="0" ind2="0">
            <subfield code="a">Answering the challenge of a changing world :</subfield>
            <subfield code="b">strengthening education for the 21st century.</subfield>
        </datafield>
        <datafield tag="246" ind1="3" ind2="0">
            <subfield code="a">Strengthening education for the 21st century</subfield>
        </datafield>
        <datafield tag="250" ind1=" " ind2=" ">
            <subfield code="a">[Rev. Apr. 2006].</subfield>
        </datafield>
        <datafield tag="256" ind1=" " ind2=" ">
            <subfield code="a">Electronic data.</subfield>
        </datafield>
        <datafield tag="260" ind1=" " ind2=" ">
            <subfield code="a">[Washington, D.C.] :</subfield>
            <subfield code="b">U.S. Dept. of Education,</subfield>
            <subfield code="c">[2006]</subfield>
        </datafield>
        <datafield tag="300" ind1=" " ind2=" ">
            <subfield code="a">25 pages :</subfield>
            <subfield code="b">digital, PDF file</subfield>
        </datafield>
        <datafield tag="336" ind1=" " ind2=" ">
            <subfield code="a">text</subfield>
            <subfield code="b">txt</subfield>
            <subfield code="2">rdacontent</subfield>
        </datafield>
        <datafield tag="337" ind1=" " ind2=" ">
            <subfield code="a">computer</subfield>
            <subfield code="b">c</subfield>
            <subfield code="2">rdamedia</subfield>
        </datafield>
        <datafield tag="338" ind1=" " ind2=" ">
            <subfield code="a">online resource</subfield>
            <subfield code="b">cr</subfield>
            <subfield code="2">rdacarrier</subfield>
        </datafield>
        <datafield tag="538" ind1=" " ind2=" ">
            <subfield code="a">System requirements: Adobe Acrobat Reader.</subfield>
        </datafield>
        <datafield tag="538" ind1=" " ind2=" ">
            <subfield code="a">Mode of access: Internet from the Dept. of Education web site. Address as of 8/28/06: http://www.ed.gov/about/inits/ed/competitiveness/strengthening/strengthening.pdf ; current access is available via PURL.</subfield>
        </datafield>
        <datafield tag="500" ind1=" " ind2=" ">
            <subfield code="a">Title from title screen (viewed Aug. 28, 2006).</subfield>
        </datafield>
        <datafield tag="516" ind1=" " ind2=" ">
            <subfield code="a">Electronic book.</subfield>
        </datafield>
        <datafield tag="610" ind1="1" ind2="0">
            <subfield code="a">United States.</subfield>
            <subfield code="b">Department of Education.</subfield>
        </datafield>
        <datafield tag="650" ind1=" " ind2="0">
            <subfield code="a">Education and state</subfield>
            <subfield code="z">United States.</subfield>
        </datafield>
        <datafield tag="650" ind1=" " ind2="0">
            <subfield code="a">Educational change</subfield>
            <subfield code="z">United States.</subfield>
        </datafield>
        <datafield tag="650" ind1=" " ind2="0">
            <subfield code="a">Competition.</subfield>
        </datafield>
        <datafield tag="610" ind1="1" ind2="7">
            <subfield code="a">United States.</subfield>
            <subfield code="b">Department of Education.</subfield>
            <subfield code="2">fast</subfield>
            <subfield code="0">(OCoLC)fst01852485</subfield>
        </datafield>
        <datafield tag="650" ind1=" " ind2="7">
            <subfield code="a">Competition.</subfield>
            <subfield code="2">fast</subfield>
            <subfield code="0">(OCoLC)fst00871464</subfield>
        </datafield>
        <datafield tag="650" ind1=" " ind2="7">
            <subfield code="a">Education and state.</subfield>
            <subfield code="2">fast</subfield>
            <subfield code="0">(OCoLC)fst00902835</subfield>
        </datafield>
        <datafield tag="650" ind1=" " ind2="7">
            <subfield code="a">Educational change.</subfield>
            <subfield code="2">fast</subfield>
            <subfield code="0">(OCoLC)fst00903371</subfield>
        </datafield>
        <datafield tag="651" ind1=" " ind2="7">
            <subfield code="a">United States.</subfield>
            <subfield code="2">fast</subfield>
            <subfield code="0">(OCoLC)fst01204155</subfield>
        </datafield>
        <datafield tag="650" ind1=" " ind2="6">
            <subfield code="a">Éducation</subfield>
            <subfield code="0">(CaQQLa)201-0010027</subfield>
            <subfield code="x">Politique gouvernementale</subfield>
            <subfield code="0">(CaQQLa)201-0010027</subfield>
            <subfield code="z">États-Unis.</subfield>
            <subfield code="0">(CaQQLa)201-0407727</subfield>
        </datafield>
        <datafield tag="650" ind1=" " ind2="6">
            <subfield code="a">Enseignement</subfield>
            <subfield code="0">(CaQQLa)201-0040433</subfield>
            <subfield code="x">Réforme</subfield>
            <subfield code="0">(CaQQLa)201-0040433</subfield>
            <subfield code="z">États-Unis.</subfield>
            <subfield code="0">(CaQQLa)201-0407727</subfield>
        </datafield>
        <datafield tag="710" ind1="1" ind2=" ">
            <subfield code="a">United States.</subfield>
            <subfield code="b">Department of Education.</subfield>
        </datafield>
        <datafield tag="856" ind1="4" ind2="0">
            <subfield code="u">https://purl.fdlp.gov/GPO/LPS73567</subfield>
            <subfield code="z">View report</subfield>
            <subfield code="7">0</subfield>
        </datafield>
        <datafield tag="856" ind1="4" ind2="1">
            <subfield code="u">http://utils.louislibraries.org/cgi-bin/lz0050.x?sitecode=LAVW?https://purl.fdlp.gov/GPO/LPS73567</subfield>
            <subfield code="7">0</subfield>
        </datafield>
        <datafield tag="856" ind1="4" ind2="1">
            <subfield code="u">http://purl.access.gpo.gov/GPO/LPS73567</subfield>
            <subfield code="7">0</subfield>
        </datafield>
        <datafield tag="994" ind1=" " ind2=" ">
            <subfield code="a">C0</subfield>
            <subfield code="b">FCF</subfield>
        </datafield>
    </record>