
    <record>
        <leader>03731cem a2200721Ia 4500</leader>
        <controlfield tag="001">ocm71278659 </controlfield>
        <controlfield tag="003">OCoLC</controlfield>
        <controlfield tag="005">20230522034349.0</controlfield>
        <controlfield tag="006">m     o  d f      </controlfield>
        <controlfield tag="007">cr cz|||||||||</controlfield>
        <controlfield tag="007">aj canzn</controlfield>
        <controlfield tag="008">060908s2006    vaub   bd a  fo 0   eng d</controlfield>
        <datafield tag="040" ind1=" " ind2=" ">
            <subfield code="a">GPO</subfield>
            <subfield code="b">eng</subfield>
            <subfield code="c">GPO</subfield>
            <subfield code="d">GPO</subfield>
            <subfield code="d">OCLCQ</subfield>
            <subfield code="d">OCLCF</subfield>
            <subfield code="d">P4I</subfield>
            <subfield code="d">OCLCO</subfield>
            <subfield code="d">OCLCQ</subfield>
            <subfield code="d">OCLCO</subfield>
            <subfield code="d">OCL</subfield>
            <subfield code="d">OCLCQ</subfield>
            <subfield code="d">OCLCA</subfield>
            <subfield code="d">LWA</subfield>
            <subfield code="d">OCLCA</subfield>
            <subfield code="d">UOK</subfield>
            <subfield code="d">OCLCA</subfield>
            <subfield code="d">INT</subfield>
            <subfield code="d">OCLCQ</subfield>
            <subfield code="d">OCLCO</subfield>
            <subfield code="d">NKM</subfield>
        </datafield>
        <datafield tag="034" ind1="1" ind2=" ">
            <subfield code="a">a</subfield>
            <subfield code="b">300000</subfield>
            <subfield code="d">W0724000</subfield>
            <subfield code="e">W0700000</subfield>
            <subfield code="f">N0400000</subfield>
            <subfield code="g">N0374000</subfield>
        </datafield>
        <datafield tag="035" ind1=" " ind2=" ">
            <subfield code="a">(OCoLC)71278659</subfield>
        </datafield>
        <datafield tag="043" ind1=" " ind2=" ">
            <subfield code="a">n-us-ny</subfield>
            <subfield code="a">n-us-nj</subfield>
        </datafield>
        <datafield tag="052" ind1=" " ind2=" ">
            <subfield code="a">3802</subfield>
            <subfield code="b">C6</subfield>
        </datafield>
        <datafield tag="052" ind1=" " ind2=" ">
            <subfield code="a">3812</subfield>
            <subfield code="b">C6</subfield>
        </datafield>
        <datafield tag="074" ind1=" " ind2=" ">
            <subfield code="a">0624-H (online)</subfield>
        </datafield>
        <datafield tag="082" ind1="1" ind2="4">
            <subfield code="a">19.76:2004-1441</subfield>
        </datafield>
        <datafield tag="086" ind1="0" ind2=" ">
            <subfield code="a">I 19.76:2004-1441</subfield>
        </datafield>
        <datafield tag="049" ind1=" " ind2=" ">
            <subfield code="a">FCFQ</subfield>
        </datafield>
        <datafield tag="110" ind1="2" ind2=" ">
            <subfield code="a">Geological Survey (U.S.)</subfield>
        </datafield>
        <datafield tag="245" ind1="1" ind2="0">
            <subfield code="a">Sea floor topography and backscatter intensity of the Hudson Canyon Region offshore of New York and New Jersey /</subfield>
            <subfield code="c">by Bradford Butman [and others].</subfield>
        </datafield>
        <datafield tag="250" ind1=" " ind2=" ">
            <subfield code="a">Version 2.0.</subfield>
        </datafield>
        <datafield tag="255" ind1=" " ind2=" ">
            <subfield code="a">Scale 1:300,000. 1 cm. on the map represents 300 meters on the sea floor. ;</subfield>
            <subfield code="b">Mercator projection</subfield>
            <subfield code="c">(W 72°40ʹ--W 70°00ʹ/N 40°00ʹ--N 37°40ʹ).</subfield>
        </datafield>
        <datafield tag="260" ind1=" " ind2=" ">
            <subfield code="a">[Reston, Va.] :</subfield>
            <subfield code="b">U.S. Dept. of the Interior, U.S. Geological Survey ;</subfield>
            <subfield code="a">Denver, CO :</subfield>
            <subfield code="b">For sale by U.S. Geological Survey, Information Services,</subfield>
            <subfield code="c">2006.</subfield>
        </datafield>
        <datafield tag="300" ind1=" " ind2=" ">
            <subfield code="a">2 electronic maps :</subfield>
            <subfield code="b">HTML, digital, PDF file.</subfield>
        </datafield>
        <datafield tag="336" ind1=" " ind2=" ">
            <subfield code="a">cartographic image</subfield>
            <subfield code="b">cri</subfield>
            <subfield code="2">rdacontent</subfield>
        </datafield>
        <datafield tag="337" ind1=" " ind2=" ">
            <subfield code="a">computer</subfield>
            <subfield code="b">c</subfield>
            <subfield code="2">rdamedia</subfield>
        </datafield>
        <datafield tag="338" ind1=" " ind2=" ">
            <subfield code="a">online resource</subfield>
            <subfield code="b">cr</subfield>
            <subfield code="2">rdacarrier</subfield>
        </datafield>
        <datafield tag="490" ind1="1" ind2=" ">
            <subfield code="a">U.S. Geological Survey open-file report ;</subfield>
            <subfield code="v">2004-1441</subfield>
        </datafield>
        <datafield tag="538" ind1=" " ind2=" ">
            <subfield code="a">Mode of access: Internet from the USGS website. Address as of 9/8/06: http://pubs.usgs.gov/of/2004/1441/; current access via PURL.</subfield>
        </datafield>
        <datafield tag="500" ind1=" " ind2=" ">
            <subfield code="a">Title from title screen (viewed on Sept. 8, 2006).</subfield>
        </datafield>
        <datafield tag="500" ind1=" " ind2=" ">
            <subfield code="a">Relief shown by shading.</subfield>
        </datafield>
        <datafield tag="500" ind1=" " ind2=" ">
            <subfield code="a">Prepared by Rutgers Marine &amp; Coastal Science, U.S. Department of Commerce, National Oceanic and Atmospheric Administration, Woods Hole Oceanographic Institution, and United States Geological Survey.</subfield>
        </datafield>
        <datafield tag="500" ind1=" " ind2=" ">
            <subfield code="a">Includes text, location map, perspective view, maps, and profiles.</subfield>
        </datafield>
        <datafield tag="504" ind1=" " ind2=" ">
            <subfield code="a">Includes bibliographical references.</subfield>
        </datafield>
        <datafield tag="530" ind1=" " ind2=" ">
            <subfield code="a">Also available on CD-ROM in PDF format.</subfield>
        </datafield>
        <datafield tag="650" ind1=" " ind2="0">
            <subfield code="a">Continental shelf</subfield>
            <subfield code="z">Hudson River Estuary (N.Y. and N.J.)</subfield>
            <subfield code="v">Maps.</subfield>
        </datafield>
        <datafield tag="650" ind1=" " ind2="0">
            <subfield code="a">Submarine topography</subfield>
            <subfield code="z">New Jersey</subfield>
            <subfield code="v">Maps.</subfield>
        </datafield>
        <datafield tag="650" ind1=" " ind2="0">
            <subfield code="a">Submarine topography</subfield>
            <subfield code="z">New York (State)</subfield>
            <subfield code="v">Maps.</subfield>
        </datafield>
        <datafield tag="650" ind1=" " ind2="6">
            <subfield code="a">Topographie sous-marine</subfield>
            <subfield code="0">(CaQQLa)201-0056860</subfield>
            <subfield code="z">New Jersey</subfield>
            <subfield code="0">(CaQQLa)201-0460831</subfield>
            <subfield code="v">Globes.</subfield>
            <subfield code="0">(CaQQLa)201-0056860</subfield>
        </datafield>
        <datafield tag="650" ind1=" " ind2="6">
            <subfield code="a">Topographie sous-marine</subfield>
            <subfield code="0">(CaQQLa)201-0056860</subfield>
            <subfield code="z">New York (État)</subfield>
            <subfield code="0">(CaQQLa)201-0460835</subfield>
            <subfield code="v">Globes.</subfield>
            <subfield code="0">(CaQQLa)201-0056860</subfield>
        </datafield>
        <datafield tag="650" ind1=" " ind2="7">
            <subfield code="a">Continental shelf.</subfield>
            <subfield code="2">fast</subfield>
            <subfield code="0">(OCoLC)fst00876676</subfield>
        </datafield>
        <datafield tag="650" ind1=" " ind2="7">
            <subfield code="a">Submarine topography.</subfield>
            <subfield code="2">fast</subfield>
            <subfield code="0">(OCoLC)fst01136635</subfield>
        </datafield>
        <datafield tag="651" ind1=" " ind2="7">
            <subfield code="a">New Jersey.</subfield>
            <subfield code="2">fast</subfield>
            <subfield code="0">(OCoLC)fst01208379</subfield>
        </datafield>
        <datafield tag="651" ind1=" " ind2="7">
            <subfield code="a">New York (State)</subfield>
            <subfield code="2">fast</subfield>
            <subfield code="0">(OCoLC)fst01210280</subfield>
        </datafield>
        <datafield tag="651" ind1=" " ind2="7">
            <subfield code="a">United States</subfield>
            <subfield code="z">Hudson River Estuary.</subfield>
            <subfield code="2">fast</subfield>
            <subfield code="0">(OCoLC)fst01310771</subfield>
        </datafield>
        <datafield tag="655" ind1=" " ind2="0">
            <subfield code="a">Topographic maps.</subfield>
        </datafield>
        <datafield tag="655" ind1=" " ind2="7">
            <subfield code="a">topographic maps.</subfield>
            <subfield code="2">aat</subfield>
            <subfield code="0">(CStmoGRI)aatgf300028361</subfield>
        </datafield>
        <datafield tag="655" ind1=" " ind2="7">
            <subfield code="a">Maps.</subfield>
            <subfield code="2">fast</subfield>
            <subfield code="0">(OCoLC)fst01423704</subfield>
        </datafield>
        <datafield tag="655" ind1=" " ind2="7">
            <subfield code="a">Topographic maps.</subfield>
            <subfield code="2">fast</subfield>
            <subfield code="0">(OCoLC)fst01423808</subfield>
        </datafield>
        <datafield tag="655" ind1=" " ind2="7">
            <subfield code="a">Topographic maps.</subfield>
            <subfield code="2">lcgft</subfield>
        </datafield>
        <datafield tag="655" ind1=" " ind2="7">
            <subfield code="a">Cartes topographiques.</subfield>
            <subfield code="2">rvmgf</subfield>
            <subfield code="0">(CaQQLa)RVMGF-000000208</subfield>
        </datafield>
        <datafield tag="700" ind1="1" ind2=" ">
            <subfield code="a">Butman, Bradford.</subfield>
        </datafield>
        <datafield tag="710" ind1="2" ind2=" ">
            <subfield code="a">Rutgers University.</subfield>
            <subfield code="b">Institute of Marine and Coastal Sciences.</subfield>
        </datafield>
        <datafield tag="710" ind1="1" ind2=" ">
            <subfield code="a">United States.</subfield>
            <subfield code="b">National Oceanic and Atmospheric Administration.</subfield>
        </datafield>
        <datafield tag="710" ind1="2" ind2=" ">
            <subfield code="a">Woods Hole Oceanographic Institution.</subfield>
        </datafield>
        <datafield tag="830" ind1=" " ind2="0">
            <subfield code="a">U.S. Geological Survey open-file report ;</subfield>
            <subfield code="v">2004-1441.</subfield>
        </datafield>
        <datafield tag="856" ind1="4" ind2="0">
            <subfield code="u">https://purl.fdlp.gov/GPO/LPS73822</subfield>
            <subfield code="7">0</subfield>
        </datafield>
        <datafield tag="856" ind1="4" ind2="0">
            <subfield code="u">https://purl.fdlp.gov/GPO/LPS73822</subfield>
            <subfield code="z">connect to online version.</subfield>
            <subfield code="7">0</subfield>
        </datafield>
        <datafield tag="994" ind1=" " ind2=" ">
            <subfield code="a">C0</subfield>
            <subfield code="b">FCF</subfield>
        </datafield>
    </record>