
    <record>
        <leader>03161cem a2200577Ia 4500</leader>
        <controlfield tag="001">ocm77585730 </controlfield>
        <controlfield tag="003">OCoLC</controlfield>
        <controlfield tag="005">20230522034351.0</controlfield>
        <controlfield tag="006">m     o  d f      </controlfield>
        <controlfield tag="007">aj cznzn</controlfield>
        <controlfield tag="007">cr cnu-- m||||</controlfield>
        <controlfield tag="008">070111s2006    vauag  bh a  fo 1   eng d</controlfield>
        <datafield tag="040" ind1=" " ind2=" ">
            <subfield code="a">GIS</subfield>
            <subfield code="b">eng</subfield>
            <subfield code="c">GIS</subfield>
            <subfield code="d">GPO</subfield>
            <subfield code="d">OCLCQ</subfield>
            <subfield code="d">OCLCF</subfield>
            <subfield code="d">P4I</subfield>
            <subfield code="d">OCLCO</subfield>
            <subfield code="d">OCLCQ</subfield>
            <subfield code="d">OCL</subfield>
            <subfield code="d">OCLCO</subfield>
            <subfield code="d">OCLCQ</subfield>
            <subfield code="d">LWA</subfield>
            <subfield code="d">UOK</subfield>
            <subfield code="d">OCLCA</subfield>
            <subfield code="d">INT</subfield>
            <subfield code="d">OCLCQ</subfield>
            <subfield code="d">OCLCO</subfield>
            <subfield code="d">NKM</subfield>
        </datafield>
        <datafield tag="019" ind1=" " ind2=" ">
            <subfield code="a">1098356047</subfield>
            <subfield code="a">1226845950</subfield>
            <subfield code="a">1226911298</subfield>
            <subfield code="a">1226928322</subfield>
            <subfield code="a">1226946240</subfield>
            <subfield code="a">1226955563</subfield>
            <subfield code="a">1226985957</subfield>
            <subfield code="a">1226993013</subfield>
            <subfield code="a">1226993617</subfield>
            <subfield code="a">1226994823</subfield>
            <subfield code="a">1227010792</subfield>
        </datafield>
        <datafield tag="034" ind1="1" ind2=" ">
            <subfield code="a">a</subfield>
            <subfield code="b">250000</subfield>
            <subfield code="d">E0680000</subfield>
            <subfield code="e">E0700000</subfield>
            <subfield code="f">N0374500</subfield>
            <subfield code="g">N0360000</subfield>
        </datafield>
        <datafield tag="035" ind1=" " ind2=" ">
            <subfield code="a">(OCoLC)77585730</subfield>
            <subfield code="z">(OCoLC)1098356047</subfield>
            <subfield code="z">(OCoLC)1226845950</subfield>
            <subfield code="z">(OCoLC)1226911298</subfield>
            <subfield code="z">(OCoLC)1226928322</subfield>
            <subfield code="z">(OCoLC)1226946240</subfield>
            <subfield code="z">(OCoLC)1226955563</subfield>
            <subfield code="z">(OCoLC)1226985957</subfield>
            <subfield code="z">(OCoLC)1226993013</subfield>
            <subfield code="z">(OCoLC)1226993617</subfield>
            <subfield code="z">(OCoLC)1226994823</subfield>
            <subfield code="z">(OCoLC)1227010792</subfield>
        </datafield>
        <datafield tag="043" ind1=" " ind2=" ">
            <subfield code="a">a-af---</subfield>
        </datafield>
        <datafield tag="052" ind1=" " ind2=" ">
            <subfield code="a">7631</subfield>
        </datafield>
        <datafield tag="074" ind1=" " ind2=" ">
            <subfield code="a">0624-H (online)</subfield>
        </datafield>
        <datafield tag="082" ind1="1" ind2="4">
            <subfield code="a">19.76:2005-1094 B</subfield>
        </datafield>
        <datafield tag="086" ind1="0" ind2=" ">
            <subfield code="a">I 19.76:2005-1094 B</subfield>
        </datafield>
        <datafield tag="049" ind1=" " ind2=" ">
            <subfield code="a">FCFQ</subfield>
        </datafield>
        <datafield tag="100" ind1="1" ind2=" ">
            <subfield code="a">Bohannon, Robert G.</subfield>
        </datafield>
        <datafield tag="245" ind1="1" ind2="0">
            <subfield code="a">Topographic map of quadrangle 3768 and 3668, Imam-Saheb (215), Rustaq (216), Baghlan (221), and Taloqan (222) quadrangles, Afghanistan /</subfield>
            <subfield code="c">compiled by Bohannon, Robert G. ; Department of the Interior, U.S. Geological Survey ; prepared in cooperation with the Afghan Geological Survey [and others].</subfield>
        </datafield>
        <datafield tag="255" ind1=" " ind2=" ">
            <subfield code="a">Scale 1:250,000 ;</subfield>
            <subfield code="b">universal transverse Mercator projection</subfield>
            <subfield code="c">(E 68°00ʹ--E 70°00ʹ/N 37°45ʹ--N 36°00ʹ).</subfield>
        </datafield>
        <datafield tag="260" ind1=" " ind2=" ">
            <subfield code="a">[Reston, Va.] :</subfield>
            <subfield code="b">U.S. Dept. of the Interior, U.S. Geological Survey,</subfield>
            <subfield code="c">2006.</subfield>
        </datafield>
        <datafield tag="300" ind1=" " ind2=" ">
            <subfield code="a">1 electronic map :</subfield>
            <subfield code="b">HTML, digital, PDF file.</subfield>
        </datafield>
        <datafield tag="336" ind1=" " ind2=" ">
            <subfield code="a">cartographic image</subfield>
            <subfield code="b">cri</subfield>
            <subfield code="2">rdacontent</subfield>
        </datafield>
        <datafield tag="337" ind1=" " ind2=" ">
            <subfield code="a">computer</subfield>
            <subfield code="b">c</subfield>
            <subfield code="2">rdamedia</subfield>
        </datafield>
        <datafield tag="338" ind1=" " ind2=" ">
            <subfield code="a">online resource</subfield>
            <subfield code="b">cr</subfield>
            <subfield code="2">rdacarrier</subfield>
        </datafield>
        <datafield tag="490" ind1="1" ind2=" ">
            <subfield code="a">Open-file report ;</subfield>
            <subfield code="v">2005-1094-B</subfield>
        </datafield>
        <datafield tag="500" ind1=" " ind2=" ">
            <subfield code="a">Relief shown by contours and spot heights.</subfield>
        </datafield>
        <datafield tag="538" ind1=" " ind2=" ">
            <subfield code="a">Mode of access: Internet from the USGS web site. Address as of 7/23/08: http://pubs.usgs.gov/of/2005/1094/B/; current access via PURL.</subfield>
        </datafield>
        <datafield tag="538" ind1=" " ind2=" ">
            <subfield code="a">System requirements: PC with Internet access and Adobe Acrobat Reader installed, to access document in Portable Document Format.</subfield>
        </datafield>
        <datafield tag="500" ind1=" " ind2=" ">
            <subfield code="a">Title from HTML index page and its links (viewed Jan. 10, 2007).</subfield>
        </datafield>
        <datafield tag="500" ind1=" " ind2=" ">
            <subfield code="a">&quot;AGS Open File Report (221/222/215/216) 2005-1094-B; USGS Afghanistan Project Product No. 041.&quot;</subfield>
        </datafield>
        <datafield tag="500" ind1=" " ind2=" ">
            <subfield code="a">Includes location map.</subfield>
        </datafield>
        <datafield tag="651" ind1=" " ind2="0">
            <subfield code="a">Afghanistan</subfield>
            <subfield code="v">Maps.</subfield>
        </datafield>
        <datafield tag="651" ind1=" " ind2="7">
            <subfield code="a">Afghanistan.</subfield>
            <subfield code="2">fast</subfield>
            <subfield code="0">(OCoLC)fst01205406</subfield>
        </datafield>
        <datafield tag="655" ind1=" " ind2="0">
            <subfield code="a">Topographic maps.</subfield>
        </datafield>
        <datafield tag="655" ind1=" " ind2="7">
            <subfield code="a">topographic maps.</subfield>
            <subfield code="2">aat</subfield>
            <subfield code="0">(CStmoGRI)aatgf300028361</subfield>
        </datafield>
        <datafield tag="655" ind1=" " ind2="7">
            <subfield code="a">Topographic maps.</subfield>
            <subfield code="2">fast</subfield>
            <subfield code="0">(OCoLC)fst01423808</subfield>
        </datafield>
        <datafield tag="655" ind1=" " ind2="7">
            <subfield code="a">Maps.</subfield>
            <subfield code="2">fast</subfield>
            <subfield code="0">(OCoLC)fst01423704</subfield>
        </datafield>
        <datafield tag="655" ind1=" " ind2="7">
            <subfield code="a">Topographic maps.</subfield>
            <subfield code="2">lcgft</subfield>
        </datafield>
        <datafield tag="655" ind1=" " ind2="7">
            <subfield code="a">Cartes topographiques.</subfield>
            <subfield code="2">rvmgf</subfield>
            <subfield code="0">(CaQQLa)RVMGF-000000208</subfield>
        </datafield>
        <datafield tag="710" ind1="2" ind2=" ">
            <subfield code="a">Geological Survey (U.S.)</subfield>
        </datafield>
        <datafield tag="710" ind1="1" ind2=" ">
            <subfield code="a">Afghanistan.</subfield>
            <subfield code="b">Geological and Mineral Survey.</subfield>
        </datafield>
        <datafield tag="830" ind1=" " ind2="0">
            <subfield code="a">U.S. Geological Survey open-file report ;</subfield>
            <subfield code="v">2005-1094B.</subfield>
        </datafield>
        <datafield tag="856" ind1="4" ind2="0">
            <subfield code="u">https://purl.fdlp.gov/GPO/LPS97843</subfield>
            <subfield code="7">0</subfield>
        </datafield>
        <datafield tag="856" ind1="4" ind2="0">
            <subfield code="u">https://purl.fdlp.gov/GPO/LPS97843</subfield>
            <subfield code="z">connect to online version.&lt;br&gt;Select desired file from side bar.</subfield>
            <subfield code="7">0</subfield>
        </datafield>
        <datafield tag="994" ind1=" " ind2=" ">
            <subfield code="a">C0</subfield>
            <subfield code="b">FCF</subfield>
        </datafield>
    </record>