
    <record>
        <leader>04972cam a2200565 a 4500</leader>
        <controlfield tag="001">ocn173495571</controlfield>
        <controlfield tag="003">OCoLC</controlfield>
        <controlfield tag="005">20230522034354.0</controlfield>
        <controlfield tag="006">m     o  d f      </controlfield>
        <controlfield tag="007">cr cn|||||||||</controlfield>
        <controlfield tag="008">070928s2007    vauab   ob   f000 0 eng d</controlfield>
        <datafield tag="040" ind1=" " ind2=" ">
            <subfield code="a">ORE</subfield>
            <subfield code="b">eng</subfield>
            <subfield code="c">ORE</subfield>
            <subfield code="d">GPO</subfield>
            <subfield code="d">MNJ</subfield>
            <subfield code="d">WAU</subfield>
            <subfield code="d">OCLCQ</subfield>
            <subfield code="d">OCLCF</subfield>
            <subfield code="d">OCLCO</subfield>
            <subfield code="d">OCLCQ</subfield>
            <subfield code="d">OSO</subfield>
            <subfield code="d">COP</subfield>
            <subfield code="d">CDS</subfield>
            <subfield code="d">OCLCA</subfield>
            <subfield code="d">OCLCQ</subfield>
            <subfield code="d">INT</subfield>
            <subfield code="d">OCLCQ</subfield>
            <subfield code="d">XFF</subfield>
            <subfield code="d">OCLCQ</subfield>
            <subfield code="d">OCLCO</subfield>
            <subfield code="d">OCLCQ</subfield>
            <subfield code="d">NKM</subfield>
            <subfield code="d">OCLCQ</subfield>
            <subfield code="d">RLA</subfield>
            <subfield code="d">OCLCQ</subfield>
        </datafield>
        <datafield tag="019" ind1=" " ind2=" ">
            <subfield code="a">839777128</subfield>
            <subfield code="a">953696964</subfield>
            <subfield code="a">979939079</subfield>
            <subfield code="a">1011764821</subfield>
            <subfield code="a">1038994967</subfield>
            <subfield code="a">1053043896</subfield>
            <subfield code="a">1060698682</subfield>
            <subfield code="a">1077930367</subfield>
            <subfield code="a">1130605876</subfield>
        </datafield>
        <datafield tag="035" ind1=" " ind2=" ">
            <subfield code="a">(OCoLC)173495571</subfield>
            <subfield code="z">(OCoLC)839777128</subfield>
            <subfield code="z">(OCoLC)953696964</subfield>
            <subfield code="z">(OCoLC)979939079</subfield>
            <subfield code="z">(OCoLC)1011764821</subfield>
            <subfield code="z">(OCoLC)1038994967</subfield>
            <subfield code="z">(OCoLC)1053043896</subfield>
            <subfield code="z">(OCoLC)1060698682</subfield>
            <subfield code="z">(OCoLC)1077930367</subfield>
            <subfield code="z">(OCoLC)1130605876</subfield>
        </datafield>
        <datafield tag="043" ind1=" " ind2=" ">
            <subfield code="a">n-uss--</subfield>
        </datafield>
        <datafield tag="050" ind1="1" ind2="4">
            <subfield code="a">QE75</subfield>
            <subfield code="b">.C5 no.1301</subfield>
        </datafield>
        <datafield tag="074" ind1=" " ind2=" ">
            <subfield code="a">0620-A (online)</subfield>
        </datafield>
        <datafield tag="082" ind1="0" ind2="4">
            <subfield code="a">627/.1220978</subfield>
            <subfield code="q">OCoLC</subfield>
            <subfield code="2">22/eng/20230216</subfield>
        </datafield>
        <datafield tag="086" ind1="0" ind2=" ">
            <subfield code="a">I 19.4/2:1301</subfield>
        </datafield>
        <datafield tag="049" ind1=" " ind2=" ">
            <subfield code="a">FCFQ</subfield>
        </datafield>
        <datafield tag="100" ind1="1" ind2=" ">
            <subfield code="a">Blevins, Dale W.</subfield>
        </datafield>
        <datafield tag="245" ind1="1" ind2="4">
            <subfield code="a">The response of suspended sediment, turbidity, and velocity to historical alterations of the Missouri River /</subfield>
            <subfield code="c">by Dale W. Blevins.</subfield>
        </datafield>
        <datafield tag="260" ind1=" " ind2=" ">
            <subfield code="a">Reston, Va. :</subfield>
            <subfield code="b">U.S. Dept. of the Interior, U.S. Geological Survey,</subfield>
            <subfield code="c">2007.</subfield>
        </datafield>
        <datafield tag="300" ind1=" " ind2=" ">
            <subfield code="a">1 online resource (iv, 8 pages)</subfield>
        </datafield>
        <datafield tag="336" ind1=" " ind2=" ">
            <subfield code="a">text</subfield>
            <subfield code="b">txt</subfield>
            <subfield code="2">rdacontent</subfield>
        </datafield>
        <datafield tag="337" ind1=" " ind2=" ">
            <subfield code="a">computer</subfield>
            <subfield code="b">c</subfield>
            <subfield code="2">rdamedia</subfield>
        </datafield>
        <datafield tag="338" ind1=" " ind2=" ">
            <subfield code="a">online resource</subfield>
            <subfield code="b">cr</subfield>
            <subfield code="2">rdacarrier</subfield>
        </datafield>
        <datafield tag="490" ind1="1" ind2=" ">
            <subfield code="a">Circular ;</subfield>
            <subfield code="v">1301</subfield>
        </datafield>
        <datafield tag="500" ind1=" " ind2=" ">
            <subfield code="a">&quot;Prepared in cooperation with the U.S. Environmental Protection Agency.&quot;</subfield>
        </datafield>
        <datafield tag="538" ind1=" " ind2=" ">
            <subfield code="a">System requirements: PDF reader.</subfield>
        </datafield>
        <datafield tag="538" ind1=" " ind2=" ">
            <subfield code="a">Mode of access: World Wide Web from the USGS web site. Address as of 7/17/08: http://pubs.usgs.gov/circ/2006/1301/pdf/circ%5F1301.pdf; current access available via PURL.</subfield>
        </datafield>
        <datafield tag="500" ind1=" " ind2=" ">
            <subfield code="a">Title from Web page (viewed on September 28, 2007).</subfield>
        </datafield>
        <datafield tag="504" ind1=" " ind2=" ">
            <subfield code="a">Includes bibliographical references (page 8).</subfield>
        </datafield>
        <datafield tag="520" ind1=" " ind2=" ">
            <subfield code="a">&quot;Median suspended-sediment concentrations in the lower Missouri River appear to have decreased by at least 70 to 80 percent from predevelopment conditions, although two semiquantitative sediment-settling observations made by William Clark and Edward Harris indicate even larger reductions in maximum concentrations. Regardless of the amount of reliability that might be ascribed to the Clark and Harris measurements, the decrease in suspended-sediment concentrations and increase in water clarity of the Missouri River is remarkable. Most of this decrease occurred after the closure of dams and massive bank stabilization activities that occured in the 1950s and 1960s. The ecological change that may have resulted from the decrease in suspended-sediment and turbidity has not been documented. However, numerous ecological changes can be postulated from fundamental principles of aquatic ecology (Horne and Goldman, 1994). For example, the greater range in velocities likely resulted in a greater range in turbidity and a greater variety of fish habitat. Also, increased water clarity may permit algal photosynthesis at low river stages providing a new energy source for the food chain and a niche for nonnative planktivorus fish. Increased water clarity should benefit sight-feeding fish, perhaps at the expense of native fish such as catfish, drum, and the endangered pallid sturgeon, that need little light to find food. Thus, the top end of the food chain also may be altered with a potential trophic cascade that could substantially alter the food chain and populations of many species. Conversely, drinking-water suppliers and other users who must remove river sediments benefit from the decrease in suspended material&quot;--Conclusions and implications</subfield>
        </datafield>
        <datafield tag="650" ind1=" " ind2="0">
            <subfield code="a">Sediment transport</subfield>
            <subfield code="z">Missouri River.</subfield>
        </datafield>
        <datafield tag="650" ind1=" " ind2="0">
            <subfield code="a">River engineering</subfield>
            <subfield code="x">Environmental aspects</subfield>
            <subfield code="z">Missouri River Watershed.</subfield>
        </datafield>
        <datafield tag="650" ind1=" " ind2="6">
            <subfield code="a">Sédiments (Géologie)</subfield>
            <subfield code="0">(CaQQLa)201-0020440</subfield>
            <subfield code="x">Transport</subfield>
            <subfield code="0">(CaQQLa)201-0020440</subfield>
            <subfield code="z">Missouri (Rivière)</subfield>
            <subfield code="0">(CaQQLa)201-0406009</subfield>
        </datafield>
        <datafield tag="650" ind1=" " ind2="6">
            <subfield code="a">Technologie fluviale</subfield>
            <subfield code="0">(CaQQLa)201-0024727</subfield>
            <subfield code="x">Aspect de l'environnement</subfield>
            <subfield code="0">(CaQQLa)201-0374355</subfield>
            <subfield code="z">Missouri, Bassin du.</subfield>
            <subfield code="0">(CaQQLa)201-0406015</subfield>
        </datafield>
        <datafield tag="650" ind1=" " ind2="7">
            <subfield code="a">River engineering</subfield>
            <subfield code="x">Environmental aspects.</subfield>
            <subfield code="2">fast</subfield>
            <subfield code="0">(OCoLC)fst01098286</subfield>
        </datafield>
        <datafield tag="650" ind1=" " ind2="7">
            <subfield code="a">Sediment transport.</subfield>
            <subfield code="2">fast</subfield>
            <subfield code="0">(OCoLC)fst01110959</subfield>
        </datafield>
        <datafield tag="651" ind1=" " ind2="7">
            <subfield code="a">Missouri River.</subfield>
            <subfield code="2">fast</subfield>
            <subfield code="0">(OCoLC)fst01240244</subfield>
        </datafield>
        <datafield tag="651" ind1=" " ind2="7">
            <subfield code="a">Missouri River Watershed.</subfield>
            <subfield code="2">fast</subfield>
            <subfield code="0">(OCoLC)fst01264793</subfield>
        </datafield>
        <datafield tag="710" ind1="2" ind2=" ">
            <subfield code="a">Geological Survey (U.S.)</subfield>
        </datafield>
        <datafield tag="776" ind1="0" ind2=" ">
            <subfield code="a">Blevins, Dale W.</subfield>
            <subfield code="t">Response of suspended sediment, turbidity, and velocity to historical alterations of the Missouri River.</subfield>
            <subfield code="d">Reston, Va. : U.S. Dept. of the Interior, U.S. Geological Survey, 2007</subfield>
            <subfield code="w">(DLC)  2007001224</subfield>
            <subfield code="w">(OCoLC)80358302</subfield>
        </datafield>
        <datafield tag="830" ind1=" " ind2="0">
            <subfield code="a">U.S. Geological Survey circular ;</subfield>
            <subfield code="v">1301.</subfield>
        </datafield>
        <datafield tag="856" ind1="4" ind2="0">
            <subfield code="z">ARLIS Document Server</subfield>
            <subfield code="u">https://www.arlis.org/docs/vol1/AK_Heritage/USGS/Circular/13/Circular-1301.pdf</subfield>
        </datafield>
        <datafield tag="856" ind1="4" ind2="0">
            <subfield code="u">http://pubs.er.usgs.gov/publication/cir1301</subfield>
        </datafield>
        <datafield tag="856" ind1="4" ind2="0">
            <subfield code="u">https://purl.fdlp.gov/GPO/LPS97391</subfield>
            <subfield code="z">connect to online version. (PDF)</subfield>
            <subfield code="7">0</subfield>
        </datafield>
        <datafield tag="856" ind1="4" ind2="0">
            <subfield code="u">https://purl.fdlp.gov/GPO/LPS97391</subfield>
            <subfield code="7">0</subfield>
        </datafield>
        <datafield tag="994" ind1=" " ind2=" ">
            <subfield code="a">C0</subfield>
            <subfield code="b">FCF</subfield>
        </datafield>
    </record>