
    <record>
        <leader>02706cam a2200481 a 4500</leader>
        <controlfield tag="001">ocn244104517</controlfield>
        <controlfield tag="003">OCoLC</controlfield>
        <controlfield tag="005">20230522034357.0</controlfield>
        <controlfield tag="006">m     o  d f      </controlfield>
        <controlfield tag="007">cr |||||||||||</controlfield>
        <controlfield tag="008">080819s2005    vauab   ob   f000 0 eng d</controlfield>
        <datafield tag="040" ind1=" " ind2=" ">
            <subfield code="a">GPO</subfield>
            <subfield code="b">eng</subfield>
            <subfield code="c">GPO</subfield>
            <subfield code="d">OCLCQ</subfield>
            <subfield code="d">OCLCA</subfield>
            <subfield code="d">OCLCF</subfield>
            <subfield code="d">OCLCO</subfield>
            <subfield code="d">P4I</subfield>
            <subfield code="d">OCLCQ</subfield>
            <subfield code="d">INT</subfield>
            <subfield code="d">OCLCQ</subfield>
            <subfield code="d">OCLCO</subfield>
            <subfield code="d">OCLCQ</subfield>
        </datafield>
        <datafield tag="019" ind1=" " ind2=" ">
            <subfield code="a">518140023</subfield>
            <subfield code="a">904434483</subfield>
            <subfield code="a">979593016</subfield>
            <subfield code="a">980028428</subfield>
            <subfield code="a">1098842449</subfield>
        </datafield>
        <datafield tag="035" ind1=" " ind2=" ">
            <subfield code="a">(OCoLC)244104517</subfield>
            <subfield code="z">(OCoLC)518140023</subfield>
            <subfield code="z">(OCoLC)904434483</subfield>
            <subfield code="z">(OCoLC)979593016</subfield>
            <subfield code="z">(OCoLC)980028428</subfield>
            <subfield code="z">(OCoLC)1098842449</subfield>
        </datafield>
        <datafield tag="043" ind1=" " ind2=" ">
            <subfield code="a">n-us-ks</subfield>
        </datafield>
        <datafield tag="074" ind1=" " ind2=" ">
            <subfield code="a">0624-B-02 (online)</subfield>
        </datafield>
        <datafield tag="082" ind1="0" ind2="4">
            <subfield code="a">363.739/420978199</subfield>
            <subfield code="q">OCoLC</subfield>
            <subfield code="2">22/eng/20230216</subfield>
        </datafield>
        <datafield tag="086" ind1="0" ind2=" ">
            <subfield code="a">I 19.42/4-4:2005-5251</subfield>
        </datafield>
        <datafield tag="049" ind1=" " ind2=" ">
            <subfield code="a">FCFQ</subfield>
        </datafield>
        <datafield tag="100" ind1="1" ind2=" ">
            <subfield code="a">Pope, Larry M.</subfield>
        </datafield>
        <datafield tag="245" ind1="1" ind2="0">
            <subfield code="a">Assessment of contaminated streambed sediment in the Kansas part of the historic Tri-State Lead and Zinc Mining District, Cherokee County, 2004 /</subfield>
            <subfield code="c">by Larry M. Pope ; prepared in cooperation with the U.S. Fish and Wildlife Service and the Kansas Department of Health and Environment.</subfield>
        </datafield>
        <datafield tag="260" ind1=" " ind2=" ">
            <subfield code="a">Reston, Va. :</subfield>
            <subfield code="b">U.S. Dept. of the Interior, U.S. Geological Survey,</subfield>
            <subfield code="c">2005.</subfield>
        </datafield>
        <datafield tag="300" ind1=" " ind2=" ">
            <subfield code="a">1 online resource (vi, 61 pages)</subfield>
        </datafield>
        <datafield tag="336" ind1=" " ind2=" ">
            <subfield code="a">text</subfield>
            <subfield code="b">txt</subfield>
            <subfield code="2">rdacontent</subfield>
        </datafield>
        <datafield tag="337" ind1=" " ind2=" ">
            <subfield code="a">computer</subfield>
            <subfield code="b">c</subfield>
            <subfield code="2">rdamedia</subfield>
        </datafield>
        <datafield tag="338" ind1=" " ind2=" ">
            <subfield code="a">online resource</subfield>
            <subfield code="b">cr</subfield>
            <subfield code="2">rdacarrier</subfield>
        </datafield>
        <datafield tag="490" ind1="1" ind2=" ">
            <subfield code="a">Scientific investigations report ;</subfield>
            <subfield code="v">2005-5251</subfield>
        </datafield>
        <datafield tag="538" ind1=" " ind2=" ">
            <subfield code="a">Mode of access: Internet at the USGS web site. Address as of 8/19/08: http://pubs.usgs.gov/sir/2005/5251/pdf/SIR20055251.pdf ; current access is available via PURL.</subfield>
        </datafield>
        <datafield tag="500" ind1=" " ind2=" ">
            <subfield code="a">Title from PDF title page (viewed on August 19, 2008).</subfield>
        </datafield>
        <datafield tag="650" ind1=" " ind2="0">
            <subfield code="a">Contaminated sediments</subfield>
            <subfield code="z">Kansas</subfield>
            <subfield code="z">Cherokee County.</subfield>
        </datafield>
        <datafield tag="650" ind1=" " ind2="0">
            <subfield code="a">Mines and mineral resources</subfield>
            <subfield code="x">Environmental aspects</subfield>
            <subfield code="z">Kansas</subfield>
            <subfield code="z">Cherokee County.</subfield>
        </datafield>
        <datafield tag="650" ind1=" " ind2="6">
            <subfield code="a">Sédiments contaminés</subfield>
            <subfield code="0">(CaQQLa)201-0276151</subfield>
            <subfield code="z">Kansas</subfield>
            <subfield code="0">(CaQQLa)201-0464948</subfield>
            <subfield code="z">Cherokee (Comté)</subfield>
            <subfield code="0">(CaQQLa)201-0464948</subfield>
        </datafield>
        <datafield tag="650" ind1=" " ind2="7">
            <subfield code="a">Contaminated sediments.</subfield>
            <subfield code="2">fast</subfield>
            <subfield code="0">(OCoLC)fst00876596</subfield>
        </datafield>
        <datafield tag="650" ind1=" " ind2="7">
            <subfield code="a">Mines and mineral resources</subfield>
            <subfield code="x">Environmental aspects.</subfield>
            <subfield code="2">fast</subfield>
            <subfield code="0">(OCoLC)fst01022565</subfield>
        </datafield>
        <datafield tag="651" ind1=" " ind2="7">
            <subfield code="a">Kansas</subfield>
            <subfield code="z">Cherokee County.</subfield>
            <subfield code="2">fast</subfield>
            <subfield code="0">(OCoLC)fst01218242</subfield>
        </datafield>
        <datafield tag="710" ind1="2" ind2=" ">
            <subfield code="a">U.S. Fish and Wildlife Service.</subfield>
        </datafield>
        <datafield tag="710" ind1="1" ind2=" ">
            <subfield code="a">Kansas.</subfield>
            <subfield code="b">Department of Health and Environment.</subfield>
        </datafield>
        <datafield tag="710" ind1="2" ind2=" ">
            <subfield code="a">Geological Survey (U.S.)</subfield>
        </datafield>
        <datafield tag="776" ind1="1" ind2=" ">
            <subfield code="a">Pope, Larry M.</subfield>
            <subfield code="t">Assessment of contaminated streambed sediment in the Kansas part of the historic Tri-State Lead and Zinc Mining District, Cherokee County, 2004</subfield>
            <subfield code="h">vi, 61 p.</subfield>
            <subfield code="w">(DLC)  2006360220</subfield>
            <subfield code="w">(OCoLC)63260082</subfield>
        </datafield>
        <datafield tag="830" ind1=" " ind2="0">
            <subfield code="a">Scientific investigations report ;</subfield>
            <subfield code="v">2005-5251.</subfield>
        </datafield>
        <datafield tag="856" ind1="4" ind2="0">
            <subfield code="u">https://purl.fdlp.gov/GPO/LPS100252</subfield>
            <subfield code="7">0</subfield>
        </datafield>
        <datafield tag="856" ind1="4" ind2="0">
            <subfield code="u">https://purl.fdlp.gov/GPO/LPS100252</subfield>
            <subfield code="z">connect to online version. (PDF)</subfield>
            <subfield code="7">0</subfield>
        </datafield>
        <datafield tag="994" ind1=" " ind2=" ">
            <subfield code="a">C0</subfield>
            <subfield code="b">FCF</subfield>
        </datafield>
    </record>