
    <record>
        <leader>02148cam a2200469 a 4500</leader>
        <controlfield tag="001">ocm17531378 </controlfield>
        <controlfield tag="003">OCoLC</controlfield>
        <controlfield tag="005">20230522034403.0</controlfield>
        <controlfield tag="008">880224m19879999ilua     bt  f000 0 eng d</controlfield>
        <datafield tag="040" ind1=" " ind2=" ">
            <subfield code="a">AED</subfield>
            <subfield code="b">eng</subfield>
            <subfield code="c">AED</subfield>
            <subfield code="d">GPO</subfield>
            <subfield code="d">OCL</subfield>
            <subfield code="d">GPO</subfield>
            <subfield code="d">OCLCG</subfield>
            <subfield code="d">MTG</subfield>
            <subfield code="d">SYB</subfield>
            <subfield code="d">OCLCQ</subfield>
            <subfield code="d">OCLCF</subfield>
            <subfield code="d">OCLCQ</subfield>
            <subfield code="d">OCLCO</subfield>
            <subfield code="d">COF</subfield>
            <subfield code="d">OCLCA</subfield>
            <subfield code="d">OCLCQ</subfield>
            <subfield code="d">OCLCO</subfield>
            <subfield code="d">OCLCQ</subfield>
        </datafield>
        <datafield tag="035" ind1=" " ind2=" ">
            <subfield code="a">(OCoLC)17531378</subfield>
        </datafield>
        <datafield tag="050" ind1="1" ind2="4">
            <subfield code="a">TH223</subfield>
            <subfield code="b">.C5 TR M-87/13, v.1</subfield>
        </datafield>
        <datafield tag="074" ind1=" " ind2=" ">
            <subfield code="a">0335-A (MF)</subfield>
        </datafield>
        <datafield tag="086" ind1="0" ind2=" ">
            <subfield code="a">D 103.53:M-87/13/V.1-</subfield>
        </datafield>
        <datafield tag="086" ind1="0" ind2=" ">
            <subfield code="a">D 103.53:M-87/13/</subfield>
        </datafield>
        <datafield tag="049" ind1=" " ind2=" ">
            <subfield code="a">FCFQ</subfield>
        </datafield>
        <datafield tag="100" ind1="1" ind2=" ">
            <subfield code="a">Shahin, Mohamed Y.</subfield>
        </datafield>
        <datafield tag="245" ind1="1" ind2="0">
            <subfield code="a">Membrane and flashing condition indexes for built-up roofs /</subfield>
            <subfield code="c">by Mohamed Y. Shahin, David M. Bailey, Donald E. Brotherson.</subfield>
        </datafield>
        <datafield tag="260" ind1=" " ind2=" ">
            <subfield code="a">Champaign, Ill. :</subfield>
            <subfield code="b">US Army Corps of Engineers, Construction Engineering Research Laboratory ;</subfield>
            <subfield code="a">[Springfield, VA] :</subfield>
            <subfield code="b">[Available from the National Technical Information Service],</subfield>
            <subfield code="c">[1987]-</subfield>
        </datafield>
        <datafield tag="300" ind1=" " ind2=" ">
            <subfield code="a">volumes :</subfield>
            <subfield code="b">illustrations (some color) ;</subfield>
            <subfield code="c">28 cm</subfield>
        </datafield>
        <datafield tag="336" ind1=" " ind2=" ">
            <subfield code="a">text</subfield>
            <subfield code="b">txt</subfield>
            <subfield code="2">rdacontent</subfield>
        </datafield>
        <datafield tag="337" ind1=" " ind2=" ">
            <subfield code="a">unmediated</subfield>
            <subfield code="b">n</subfield>
            <subfield code="2">rdamedia</subfield>
        </datafield>
        <datafield tag="338" ind1=" " ind2=" ">
            <subfield code="a">volume</subfield>
            <subfield code="b">nc</subfield>
            <subfield code="2">rdacarrier</subfield>
        </datafield>
        <datafield tag="490" ind1="1" ind2=" ">
            <subfield code="a">USA-CERL technical report ;</subfield>
            <subfield code="v">M-87/13</subfield>
        </datafield>
        <datafield tag="513" ind1=" " ind2=" ">
            <subfield code="a">Final.</subfield>
        </datafield>
        <datafield tag="500" ind1=" " ind2=" ">
            <subfield code="a">Cover title.</subfield>
        </datafield>
        <datafield tag="500" ind1=" " ind2=" ">
            <subfield code="a">&quot;Roofing maintenance management system.&quot;</subfield>
        </datafield>
        <datafield tag="500" ind1=" " ind2=" ">
            <subfield code="a">Distributed to depository libraries in microfiche.</subfield>
        </datafield>
        <datafield tag="500" ind1=" " ind2=" ">
            <subfield code="a">&quot;September 1987&quot;--Vol. 1, 2</subfield>
        </datafield>
        <datafield tag="504" ind1=" " ind2=" ">
            <subfield code="a">Includes bibliographical references.</subfield>
        </datafield>
        <datafield tag="505" ind1="1" ind2=" ">
            <subfield code="a">v. 1. Development of the procedure -- v. 2. Inspection and distress manual.</subfield>
        </datafield>
        <datafield tag="536" ind1=" " ind2=" ">
            <subfield code="b">FADs N62472-85P05008, N62472-85WR00151, N62472-85WR00132.</subfield>
            <subfield code="d">4A162731,</subfield>
            <subfield code="d">AT41,</subfield>
            <subfield code="d">C,</subfield>
            <subfield code="d">044 (v. 1-2).</subfield>
        </datafield>
        <datafield tag="650" ind1=" " ind2="0">
            <subfield code="a">Roofs</subfield>
            <subfield code="x">Maintenance and repair.</subfield>
        </datafield>
        <datafield tag="650" ind1=" " ind2="0">
            <subfield code="a">Roofs</subfield>
            <subfield code="x">Testing.</subfield>
        </datafield>
        <datafield tag="650" ind1=" " ind2="6">
            <subfield code="a">Toits</subfield>
            <subfield code="x">Entretien et réparations.</subfield>
            <subfield code="0">(CaQQLa)201-0268061</subfield>
        </datafield>
        <datafield tag="650" ind1=" " ind2="7">
            <subfield code="a">Roofs</subfield>
            <subfield code="x">Maintenance and repair.</subfield>
            <subfield code="2">fast</subfield>
            <subfield code="0">(OCoLC)fst01100328</subfield>
        </datafield>
        <datafield tag="650" ind1=" " ind2="7">
            <subfield code="a">Roofs</subfield>
            <subfield code="x">Testing.</subfield>
            <subfield code="2">fast</subfield>
            <subfield code="0">(OCoLC)fst01100334</subfield>
        </datafield>
        <datafield tag="700" ind1="1" ind2=" ">
            <subfield code="a">Bailey, David M.</subfield>
            <subfield code="q">(David Michael),</subfield>
            <subfield code="d">1957-</subfield>
        </datafield>
        <datafield tag="700" ind1="1" ind2=" ">
            <subfield code="a">Brotherson, Donald E.</subfield>
        </datafield>
        <datafield tag="710" ind1="2" ind2=" ">
            <subfield code="a">Construction Engineering Research Laboratory (U.S. : 1969-1992)</subfield>
        </datafield>
        <datafield tag="830" ind1=" " ind2="0">
            <subfield code="a">Technical report (Construction Engineering Research Laboratory (U.S. : 1969-1992)) ;</subfield>
            <subfield code="v">M-87/13.</subfield>
        </datafield>
        <datafield tag="994" ind1=" " ind2=" ">
            <subfield code="a">C0</subfield>
            <subfield code="b">FCF</subfield>
        </datafield>
    </record>