
    <record>
        <leader>02857cam a2200505 a 4500</leader>
        <controlfield tag="001">ocm46675043 </controlfield>
        <controlfield tag="003">OCoLC</controlfield>
        <controlfield tag="005">20230522034405.0</controlfield>
        <controlfield tag="008">010706s2001    dcu      b   f000 0 eng c</controlfield>
        <datafield tag="010" ind1=" " ind2=" ">
            <subfield code="a">  2001387222</subfield>
        </datafield>
        <datafield tag="040" ind1=" " ind2=" ">
            <subfield code="a">SEN</subfield>
            <subfield code="b">eng</subfield>
            <subfield code="c">DLC</subfield>
            <subfield code="d">SEN</subfield>
            <subfield code="d">BTCTA</subfield>
            <subfield code="d">OCLCQ</subfield>
            <subfield code="d">OCLCF</subfield>
            <subfield code="d">UOK</subfield>
            <subfield code="d">VLL</subfield>
            <subfield code="d">OCLCO</subfield>
        </datafield>
        <datafield tag="019" ind1=" " ind2=" ">
            <subfield code="a">1083042267</subfield>
        </datafield>
        <datafield tag="020" ind1=" " ind2=" ">
            <subfield code="a">0160650119</subfield>
        </datafield>
        <datafield tag="020" ind1=" " ind2=" ">
            <subfield code="a">9780160650116</subfield>
        </datafield>
        <datafield tag="035" ind1=" " ind2=" ">
            <subfield code="a">(OCoLC)46675043</subfield>
            <subfield code="z">(OCoLC)1083042267</subfield>
        </datafield>
        <datafield tag="042" ind1=" " ind2=" ">
            <subfield code="a">lccopycat</subfield>
        </datafield>
        <datafield tag="043" ind1=" " ind2=" ">
            <subfield code="a">n-us---</subfield>
        </datafield>
        <datafield tag="050" ind1="0" ind2="0">
            <subfield code="a">KF26</subfield>
            <subfield code="b">.F5 2000i</subfield>
        </datafield>
        <datafield tag="074" ind1=" " ind2=" ">
            <subfield code="a">1038-A</subfield>
        </datafield>
        <datafield tag="074" ind1=" " ind2=" ">
            <subfield code="a">1038-B (MF)</subfield>
        </datafield>
        <datafield tag="082" ind1="1" ind2="4">
            <subfield code="a">4.F 49:S.HRG.106-926</subfield>
        </datafield>
        <datafield tag="086" ind1="0" ind2=" ">
            <subfield code="a">Y 4.F 49:S.HRG.106-926</subfield>
        </datafield>
        <datafield tag="049" ind1=" " ind2=" ">
            <subfield code="a">FCFQ</subfield>
        </datafield>
        <datafield tag="110" ind1="1" ind2=" ">
            <subfield code="a">United States.</subfield>
            <subfield code="b">Congress.</subfield>
            <subfield code="b">Senate.</subfield>
            <subfield code="b">Committee on Finance.</subfield>
        </datafield>
        <datafield tag="245" ind1="1" ind2="0">
            <subfield code="a">Nominations of Stephen J. Swift, Joel Gerber, Troy Hamilton Cribb, Thomas R. Saving, John L. Palmer, Mark A. Weinberger, and Gerald M. Shea :</subfield>
            <subfield code="b">hearing before the Committee on Finance, United States Senate, One Hundred Sixth Congress, second session, on the nominations of Stephen J. Swift and Joel Gerber to be judges of the U.S. Tax Court ; Troy Hamilton Cribb, to be Assistant Secretary of Commerce ; Thomas R. Saving and John L. Palmer, to be Public Trustees of the Social Security and Medicare Trust Funds ; Mark A. Weinberger and Gerald M. Shea, to be members of the Social Security Advisory Board, October 11, 2000.</subfield>
        </datafield>
        <datafield tag="260" ind1=" " ind2=" ">
            <subfield code="a">Washington :</subfield>
            <subfield code="b">U.S. G.P.O. :</subfield>
            <subfield code="b">[Congressional Sales Office, Supt. of Docs., U.S. G.P.O., distributor],</subfield>
            <subfield code="c">2001.</subfield>
        </datafield>
        <datafield tag="300" ind1=" " ind2=" ">
            <subfield code="a">iv, 82 pages ;</subfield>
            <subfield code="c">24 cm.</subfield>
        </datafield>
        <datafield tag="336" ind1=" " ind2=" ">
            <subfield code="a">text</subfield>
            <subfield code="b">txt</subfield>
            <subfield code="2">rdacontent</subfield>
        </datafield>
        <datafield tag="337" ind1=" " ind2=" ">
            <subfield code="a">unmediated</subfield>
            <subfield code="b">n</subfield>
            <subfield code="2">rdamedia</subfield>
        </datafield>
        <datafield tag="338" ind1=" " ind2=" ">
            <subfield code="a">volume</subfield>
            <subfield code="b">nc</subfield>
            <subfield code="2">rdacarrier</subfield>
        </datafield>
        <datafield tag="490" ind1="1" ind2=" ">
            <subfield code="a">S. hrg. ;</subfield>
            <subfield code="v">106-926</subfield>
        </datafield>
        <datafield tag="500" ind1=" " ind2=" ">
            <subfield code="a">Shipping list no.: 2001-0177-P.</subfield>
        </datafield>
        <datafield tag="504" ind1=" " ind2=" ">
            <subfield code="a">Includes bibliographical references.</subfield>
        </datafield>
        <datafield tag="530" ind1=" " ind2=" ">
            <subfield code="a">Also available in digital form on the Library of Congress Web site.</subfield>
        </datafield>
        <datafield tag="600" ind1="1" ind2="0">
            <subfield code="a">Swift, Stephen Jensen.</subfield>
        </datafield>
        <datafield tag="610" ind1="1" ind2="0">
            <subfield code="a">United States.</subfield>
            <subfield code="b">Tax Court</subfield>
            <subfield code="x">Officials and employees</subfield>
            <subfield code="x">Selection and appointment.</subfield>
        </datafield>
        <datafield tag="651" ind1=" " ind2="0">
            <subfield code="a">United States</subfield>
            <subfield code="x">Officials and employees</subfield>
            <subfield code="x">Selection and appointment.</subfield>
        </datafield>
        <datafield tag="600" ind1="1" ind2="7">
            <subfield code="a">Swift, Stephen Jensen.</subfield>
            <subfield code="2">fast</subfield>
            <subfield code="0">(OCoLC)fst00116558</subfield>
        </datafield>
        <datafield tag="610" ind1="1" ind2="7">
            <subfield code="a">United States.</subfield>
            <subfield code="b">Tax Court.</subfield>
            <subfield code="2">fast</subfield>
            <subfield code="0">(OCoLC)fst00554336</subfield>
        </datafield>
        <datafield tag="651" ind1=" " ind2="7">
            <subfield code="a">United States.</subfield>
            <subfield code="2">fast</subfield>
            <subfield code="0">(OCoLC)fst01204155</subfield>
        </datafield>
        <datafield tag="776" ind1="0" ind2="8">
            <subfield code="i">Online version:</subfield>
            <subfield code="a">United States. Congress. Senate. Committee on Finance.</subfield>
            <subfield code="t">Nominations of Stephen J. Swift, Joel Gerber, Troy Hamilton Cribb, Thomas R. Saving, John L. Palmer, Mark A. Weinberger, and Gerald M. Shea.</subfield>
            <subfield code="d">Washington : U.S.G.P.O. : [Congressional Sales Office, Supt. of Docs., U.S.G.P.O., distributor], 2001</subfield>
            <subfield code="w">(OCoLC)652361227</subfield>
        </datafield>
        <datafield tag="810" ind1="1" ind2=" ">
            <subfield code="a">United States.</subfield>
            <subfield code="b">Congress.</subfield>
            <subfield code="b">Senate.</subfield>
            <subfield code="t">S. hrg. ;</subfield>
            <subfield code="v">106-926.</subfield>
        </datafield>
        <datafield tag="856" ind1="4" ind2="1">
            <subfield code="u">http://hdl.loc.gov/loc.law/llconghear.00076627782</subfield>
        </datafield>
        <datafield tag="856" ind1="4" ind2="1">
            <subfield code="u">http://law.wlu.edu/library/Services/microformLocations.doc</subfield>
            <subfield code="z">Link to Microform Finding Aid</subfield>
        </datafield>
        <datafield tag="994" ind1=" " ind2=" ">
            <subfield code="a">C0</subfield>
            <subfield code="b">FCF</subfield>
        </datafield>
    </record>