
    <record>
        <leader>03172cam a2200553 a 4500</leader>
        <controlfield tag="001">ocn211970796</controlfield>
        <controlfield tag="003">OCoLC</controlfield>
        <controlfield tag="005">20230522034415.0</controlfield>
        <controlfield tag="006">m     o  d f      </controlfield>
        <controlfield tag="007">cr bn|||||||||</controlfield>
        <controlfield tag="008">080227s2007    ksua    ob   f000 0 eng d</controlfield>
        <datafield tag="040" ind1=" " ind2=" ">
            <subfield code="a">GPO</subfield>
            <subfield code="b">eng</subfield>
            <subfield code="c">GPO</subfield>
            <subfield code="d">GAO</subfield>
            <subfield code="d">OCLCA</subfield>
            <subfield code="d">OCLCQ</subfield>
            <subfield code="d">OCLCO</subfield>
            <subfield code="d">OCLCA</subfield>
            <subfield code="d">AWC</subfield>
            <subfield code="d">OCLCF</subfield>
            <subfield code="d">OCLCQ</subfield>
            <subfield code="d">GILDS</subfield>
            <subfield code="d">INT</subfield>
            <subfield code="d">OCLCQ</subfield>
            <subfield code="d">OCLCO</subfield>
            <subfield code="d">OCLCQ</subfield>
            <subfield code="d">OCLCO</subfield>
            <subfield code="d">OCLCQ</subfield>
        </datafield>
        <datafield tag="019" ind1=" " ind2=" ">
            <subfield code="a">228208849</subfield>
            <subfield code="a">904429087</subfield>
            <subfield code="a">979654172</subfield>
            <subfield code="a">980031230</subfield>
            <subfield code="a">1011764279</subfield>
            <subfield code="a">1039400156</subfield>
            <subfield code="a">1053063172</subfield>
            <subfield code="a">1060697319</subfield>
            <subfield code="a">1067105173</subfield>
        </datafield>
        <datafield tag="035" ind1=" " ind2=" ">
            <subfield code="a">(OCoLC)211970796</subfield>
            <subfield code="z">(OCoLC)228208849</subfield>
            <subfield code="z">(OCoLC)904429087</subfield>
            <subfield code="z">(OCoLC)979654172</subfield>
            <subfield code="z">(OCoLC)980031230</subfield>
            <subfield code="z">(OCoLC)1011764279</subfield>
            <subfield code="z">(OCoLC)1039400156</subfield>
            <subfield code="z">(OCoLC)1053063172</subfield>
            <subfield code="z">(OCoLC)1060697319</subfield>
            <subfield code="z">(OCoLC)1067105173</subfield>
        </datafield>
        <datafield tag="050" ind1=" " ind2="4">
            <subfield code="a">U163</subfield>
            <subfield code="b">.M33 2007</subfield>
        </datafield>
        <datafield tag="074" ind1=" " ind2=" ">
            <subfield code="a">0359-C-06 (online)</subfield>
        </datafield>
        <datafield tag="082" ind1="0" ind2="4">
            <subfield code="a">355.4</subfield>
            <subfield code="q">OCoLC</subfield>
            <subfield code="2">22/eng/20230216</subfield>
        </datafield>
        <datafield tag="086" ind1="0" ind2=" ">
            <subfield code="a">D 110.15:23</subfield>
        </datafield>
        <datafield tag="049" ind1=" " ind2=" ">
            <subfield code="a">FCFQ</subfield>
        </datafield>
        <datafield tag="100" ind1="1" ind2=" ">
            <subfield code="a">McGrath, John J.,</subfield>
            <subfield code="d">1956-</subfield>
        </datafield>
        <datafield tag="245" ind1="1" ind2="4">
            <subfield code="a">The other end of the spear :</subfield>
            <subfield code="b">the tooth-to-tail ratio (T3R) in modern military operations /</subfield>
            <subfield code="c">John J. McGrath.</subfield>
        </datafield>
        <datafield tag="246" ind1="3" ind2="0">
            <subfield code="a">Tooth-to-tail ratio (T3R) in modern military operations</subfield>
        </datafield>
        <datafield tag="256" ind1=" " ind2=" ">
            <subfield code="a">Electronic data.</subfield>
        </datafield>
        <datafield tag="260" ind1=" " ind2=" ">
            <subfield code="a">Fort Leavenworth, Kan. :</subfield>
            <subfield code="b">Combat Studies Institute Press,</subfield>
            <subfield code="c">[2007?]</subfield>
        </datafield>
        <datafield tag="300" ind1=" " ind2=" ">
            <subfield code="a">1 online resource (xi, 107 pages)</subfield>
        </datafield>
        <datafield tag="336" ind1=" " ind2=" ">
            <subfield code="a">text</subfield>
            <subfield code="b">txt</subfield>
            <subfield code="2">rdacontent</subfield>
        </datafield>
        <datafield tag="337" ind1=" " ind2=" ">
            <subfield code="a">computer</subfield>
            <subfield code="b">c</subfield>
            <subfield code="2">rdamedia</subfield>
        </datafield>
        <datafield tag="338" ind1=" " ind2=" ">
            <subfield code="a">online resource</subfield>
            <subfield code="b">cr</subfield>
            <subfield code="2">rdacarrier</subfield>
        </datafield>
        <datafield tag="490" ind1="1" ind2=" ">
            <subfield code="a">Long war series occasional paper ;</subfield>
            <subfield code="v">23</subfield>
        </datafield>
        <datafield tag="538" ind1=" " ind2=" ">
            <subfield code="a">System requirements: Adobe Acrobat Reader.</subfield>
        </datafield>
        <datafield tag="538" ind1=" " ind2=" ">
            <subfield code="a">Mode of access: Internet at the Army Command and General Staff College web site. Address as of 2/25/08: http://usacac.army.mil/CAC/csi/RandP/OP23.pdf ; current access available via PURL.</subfield>
        </datafield>
        <datafield tag="500" ind1=" " ind2=" ">
            <subfield code="a">Title from title screen (viewed October 15, 2008).</subfield>
        </datafield>
        <datafield tag="516" ind1=" " ind2=" ">
            <subfield code="a">Electronic book.</subfield>
        </datafield>
        <datafield tag="530" ind1=" " ind2=" ">
            <subfield code="a">Also issued in paper format.</subfield>
        </datafield>
        <datafield tag="504" ind1=" " ind2=" ">
            <subfield code="a">Includes bibliographical references (pages 91-98).</subfield>
        </datafield>
        <datafield tag="505" ind1="0" ind2=" ">
            <subfield code="a">Introduction -- Historical experience -- Analysis -- Conclusions.</subfield>
        </datafield>
        <datafield tag="520" ind1=" " ind2=" ">
            <subfield code="a">This paper shows the timeless value of history and it relevance to current events by analyzing the ratio of deployed forces directly engaged in combat in previous conflicts, relative to those in support functions. This work provides a unique tool for policy makers, commanders, and staff officers to use in campaign planning.</subfield>
        </datafield>
        <datafield tag="533" ind1=" " ind2=" ">
            <subfield code="a">Electronic reproduction.</subfield>
            <subfield code="b">Fort Leavenworth, Kan. :</subfield>
            <subfield code="c">Army Command and General Staff College,</subfield>
            <subfield code="d">2007.</subfield>
            <subfield code="7">s2007    ksun s</subfield>
        </datafield>
        <datafield tag="650" ind1=" " ind2="0">
            <subfield code="a">Deployment (Strategy)</subfield>
            <subfield code="v">Case studies.</subfield>
        </datafield>
        <datafield tag="650" ind1=" " ind2="6">
            <subfield code="a">Déploiement (Stratégie)</subfield>
            <subfield code="0">(CaQQLa)201-0328526</subfield>
            <subfield code="v">Études de cas.</subfield>
            <subfield code="0">(CaQQLa)201-0376950</subfield>
        </datafield>
        <datafield tag="650" ind1=" " ind2="7">
            <subfield code="a">Deployment (Strategy)</subfield>
            <subfield code="2">fast</subfield>
            <subfield code="0">(OCoLC)fst00890835</subfield>
        </datafield>
        <datafield tag="655" ind1=" " ind2="4">
            <subfield code="a">Case studies.</subfield>
        </datafield>
        <datafield tag="655" ind1=" " ind2="7">
            <subfield code="a">Case studies.</subfield>
            <subfield code="2">fast</subfield>
            <subfield code="0">(OCoLC)fst01423765</subfield>
        </datafield>
        <datafield tag="710" ind1="2" ind2=" ">
            <subfield code="a">Combat Studies Institute (U.S.)</subfield>
        </datafield>
        <datafield tag="776" ind1="1" ind2=" ">
            <subfield code="t">Other end of the spear : the tooth-to-tail ratio (T3R) in modern military operations (Original)</subfield>
            <subfield code="w">(DLC)  2007028234</subfield>
            <subfield code="w">(OCoLC)154309350</subfield>
        </datafield>
        <datafield tag="830" ind1=" " ind2="0">
            <subfield code="a">Long war series occasional paper ;</subfield>
            <subfield code="v">23.</subfield>
        </datafield>
        <datafield tag="856" ind1="4" ind2="0">
            <subfield code="u">https://purl.fdlp.gov/GPO/LPS91108</subfield>
            <subfield code="z">View report</subfield>
            <subfield code="7">0</subfield>
        </datafield>
        <datafield tag="856" ind1="4" ind2="0">
            <subfield code="u">https://purl.fdlp.gov/GPO/LPS91108</subfield>
            <subfield code="z">connect to online version. (PDF)</subfield>
            <subfield code="7">0</subfield>
        </datafield>
        <datafield tag="994" ind1=" " ind2=" ">
            <subfield code="a">C0</subfield>
            <subfield code="b">FCF</subfield>
        </datafield>
    </record>