
    <record>
        <leader>03183cem a2200577 a 4500</leader>
        <controlfield tag="001">ocm37621579 </controlfield>
        <controlfield tag="003">OCoLC</controlfield>
        <controlfield tag="005">20230522034431.0</controlfield>
        <controlfield tag="006">m    fo  c f      </controlfield>
        <controlfield tag="007">aj canzn</controlfield>
        <controlfield tag="008">970915s1997    cauag  cc a  fo 0   eng d</controlfield>
        <datafield tag="040" ind1=" " ind2=" ">
            <subfield code="a">GIS</subfield>
            <subfield code="b">eng</subfield>
            <subfield code="c">GIS</subfield>
            <subfield code="d">OCL</subfield>
            <subfield code="d">GPO</subfield>
            <subfield code="d">OCLCQ</subfield>
            <subfield code="d">GPO</subfield>
            <subfield code="d">OCLCQ</subfield>
            <subfield code="d">OCLCG</subfield>
            <subfield code="d">OCLCQ</subfield>
            <subfield code="d">OCLCO</subfield>
            <subfield code="d">OCLCQ</subfield>
            <subfield code="d">OCLCF</subfield>
            <subfield code="d">P4I</subfield>
            <subfield code="d">OCLCQ</subfield>
            <subfield code="d">UAF</subfield>
            <subfield code="d">BUF</subfield>
            <subfield code="d">LWA</subfield>
            <subfield code="d">GZM</subfield>
            <subfield code="d">INT</subfield>
            <subfield code="d">OCLCQ</subfield>
            <subfield code="d">FDA</subfield>
            <subfield code="d">OCLCQ</subfield>
            <subfield code="d">MNU</subfield>
            <subfield code="d">OCLCO</subfield>
            <subfield code="d">OCLCQ</subfield>
            <subfield code="d">OCLCO</subfield>
            <subfield code="d">OCLCQ</subfield>
        </datafield>
        <datafield tag="019" ind1=" " ind2=" ">
            <subfield code="a">994385361</subfield>
            <subfield code="a">1039447924</subfield>
            <subfield code="a">1045555895</subfield>
            <subfield code="a">1052965100</subfield>
            <subfield code="a">1055642437</subfield>
            <subfield code="a">1199496444</subfield>
            <subfield code="a">1199569028</subfield>
        </datafield>
        <datafield tag="034" ind1="1" ind2=" ">
            <subfield code="a">a</subfield>
            <subfield code="b">24000</subfield>
            <subfield code="d">W1182230</subfield>
            <subfield code="e">W1181500</subfield>
            <subfield code="f">N0342230</subfield>
            <subfield code="g">N0341500</subfield>
        </datafield>
        <datafield tag="035" ind1=" " ind2=" ">
            <subfield code="a">(OCoLC)37621579</subfield>
            <subfield code="z">(OCoLC)994385361</subfield>
            <subfield code="z">(OCoLC)1039447924</subfield>
            <subfield code="z">(OCoLC)1045555895</subfield>
            <subfield code="z">(OCoLC)1052965100</subfield>
            <subfield code="z">(OCoLC)1055642437</subfield>
            <subfield code="z">(OCoLC)1199496444</subfield>
            <subfield code="z">(OCoLC)1199569028</subfield>
        </datafield>
        <datafield tag="043" ind1=" " ind2=" ">
            <subfield code="a">n-us-ca</subfield>
        </datafield>
        <datafield tag="052" ind1=" " ind2=" ">
            <subfield code="a">4363</subfield>
            <subfield code="b">L6</subfield>
        </datafield>
        <datafield tag="074" ind1=" " ind2=" ">
            <subfield code="a">0624-H (online)</subfield>
        </datafield>
        <datafield tag="074" ind1=" " ind2=" ">
            <subfield code="a">0624-H (MF)</subfield>
        </datafield>
        <datafield tag="086" ind1="0" ind2=" ">
            <subfield code="a">I 19.76:97-270</subfield>
        </datafield>
        <datafield tag="049" ind1=" " ind2=" ">
            <subfield code="a">FCFQ</subfield>
        </datafield>
        <datafield tag="110" ind1="2" ind2=" ">
            <subfield code="a">Geological Survey (U.S.)</subfield>
        </datafield>
        <datafield tag="245" ind1="1" ind2="0">
            <subfield code="a">Preliminary geologic map of the Sunland 7.5ʹ quadrangle, southern California :</subfield>
            <subfield code="b">a digital database /</subfield>
            <subfield code="c">compiled by R.F. Yerkes.</subfield>
        </datafield>
        <datafield tag="255" ind1=" " ind2=" ">
            <subfield code="a">Scale 1:24,000 ;</subfield>
            <subfield code="b">Lambert conformal conic projection</subfield>
            <subfield code="c">(W 118°22ʹ30ʺ--W 118°15ʹ00ʺ/N 34°22ʹ30ʺ--N 34°15ʹ00ʺ).</subfield>
        </datafield>
        <datafield tag="256" ind1=" " ind2=" ">
            <subfield code="a">Electronic data.</subfield>
        </datafield>
        <datafield tag="264" ind1=" " ind2="1">
            <subfield code="a">Menlo Park, CA :</subfield>
            <subfield code="b">The Survey ;</subfield>
            <subfield code="a">[Denver, CO] :</subfield>
            <subfield code="b">[USFS Information Services (Open-File Reports Sales)],</subfield>
            <subfield code="c">1997.</subfield>
        </datafield>
        <datafield tag="300" ind1=" " ind2=" ">
            <subfield code="a">1 online resource</subfield>
        </datafield>
        <datafield tag="336" ind1=" " ind2=" ">
            <subfield code="a">cartographic image</subfield>
            <subfield code="b">cri</subfield>
            <subfield code="2">rdacontent</subfield>
        </datafield>
        <datafield tag="337" ind1=" " ind2=" ">
            <subfield code="a">computer</subfield>
            <subfield code="b">c</subfield>
            <subfield code="2">rdamedia</subfield>
        </datafield>
        <datafield tag="338" ind1=" " ind2=" ">
            <subfield code="a">online resource</subfield>
            <subfield code="b">cr</subfield>
            <subfield code="2">rdacarrier</subfield>
        </datafield>
        <datafield tag="490" ind1="1" ind2=" ">
            <subfield code="a">Open-file report ;</subfield>
            <subfield code="v">97-270</subfield>
        </datafield>
        <datafield tag="538" ind1=" " ind2=" ">
            <subfield code="a">Mode of access: Internet from USGS Web site ; tar file; ARC Export; PostScript; cartridge tape; or text via ftp. Address as of 10/04/04: http://wrgis.wr.usgs.gov/open-file/of97-270; current access available via PURL.</subfield>
        </datafield>
        <datafield tag="500" ind1=" " ind2=" ">
            <subfield code="a">Relief shown by contours and spot heights.</subfield>
        </datafield>
        <datafield tag="500" ind1=" " ind2=" ">
            <subfield code="a">Title from caption screen.</subfield>
        </datafield>
        <datafield tag="500" ind1=" " ind2=" ">
            <subfield code="a">No paper maps make up these reports; rather they are issued as a digital database.</subfield>
        </datafield>
        <datafield tag="500" ind1=" " ind2=" ">
            <subfield code="a">Distributed to depository libraries in microfiche; shipping list no.: 99-0270-M.</subfield>
        </datafield>
        <datafield tag="504" ind1=" " ind2=" ">
            <subfield code="a">Includes explanatory text and bibliographical references.</subfield>
        </datafield>
        <datafield tag="520" ind1=" " ind2=" ">
            <subfield code="a">This database delineates map units that are identified by general age and stratigraphic position.</subfield>
        </datafield>
        <datafield tag="650" ind1=" " ind2="0">
            <subfield code="a">Geology</subfield>
            <subfield code="z">California</subfield>
            <subfield code="z">Los Angeles County</subfield>
            <subfield code="v">Maps.</subfield>
        </datafield>
        <datafield tag="650" ind1=" " ind2="7">
            <subfield code="a">Geology.</subfield>
            <subfield code="2">fast</subfield>
            <subfield code="0">(OCoLC)fst00940627</subfield>
        </datafield>
        <datafield tag="651" ind1=" " ind2="7">
            <subfield code="a">California</subfield>
            <subfield code="z">Los Angeles County.</subfield>
            <subfield code="2">fast</subfield>
            <subfield code="0">(OCoLC)fst01205194</subfield>
        </datafield>
        <datafield tag="655" ind1=" " ind2="7">
            <subfield code="a">Maps.</subfield>
            <subfield code="2">fast</subfield>
            <subfield code="0">(OCoLC)fst01423704</subfield>
        </datafield>
        <datafield tag="655" ind1=" " ind2="7">
            <subfield code="a">Maps.</subfield>
            <subfield code="2">lcgft</subfield>
        </datafield>
        <datafield tag="655" ind1=" " ind2="7">
            <subfield code="a">Cartes géographiques.</subfield>
            <subfield code="2">rvmgf</subfield>
            <subfield code="0">(CaQQLa)RVMGF-000000197</subfield>
        </datafield>
        <datafield tag="700" ind1="1" ind2=" ">
            <subfield code="a">Yerkes, R. F.,</subfield>
            <subfield code="d">1923-</subfield>
        </datafield>
        <datafield tag="830" ind1=" " ind2="0">
            <subfield code="a">U.S. Geological Survey open-file report ;</subfield>
            <subfield code="v">97-270.</subfield>
        </datafield>
        <datafield tag="856" ind1="4" ind2="0">
            <subfield code="u">https://purl.fdlp.gov/GPO/LPS54449</subfield>
            <subfield code="7">0</subfield>
        </datafield>
        <datafield tag="856" ind1="4" ind2="0">
            <subfield code="u">https://purl.fdlp.gov/GPO/LPS2141</subfield>
            <subfield code="z">PURL accesses list of USGS open-file reports by year from which a link may be made to the title desired</subfield>
            <subfield code="7">0</subfield>
        </datafield>
        <datafield tag="856" ind1="4" ind2="0">
            <subfield code="u">http://wrgis.wr.usgs.gov/open-file/of97-270/</subfield>
            <subfield code="z">connect to online version.</subfield>
            <subfield code="z">unavailable as of 5/7/2019</subfield>
        </datafield>
        <datafield tag="856" ind1="4" ind2=" ">
            <subfield code="u">http://wrgis.wr.usgs.gov/open-file/of97-270/index.html</subfield>
            <subfield code="z">unavailable as of 5/7/2019</subfield>
        </datafield>
        <datafield tag="994" ind1=" " ind2=" ">
            <subfield code="a">C0</subfield>
            <subfield code="b">FCF</subfield>
        </datafield>
    </record>