
    <record>
        <leader>02600cam a2200541 i 4500</leader>
        <controlfield tag="001">ocm43374716 </controlfield>
        <controlfield tag="003">OCoLC</controlfield>
        <controlfield tag="005">20230522034435.0</controlfield>
        <controlfield tag="006">m     q  d f      </controlfield>
        <controlfield tag="007">co cga||||||||</controlfield>
        <controlfield tag="008">000201s1999    okua    q    f000 0 eng c</controlfield>
        <datafield tag="040" ind1=" " ind2=" ">
            <subfield code="a">GPO</subfield>
            <subfield code="b">eng</subfield>
            <subfield code="e">rda</subfield>
            <subfield code="c">GPO</subfield>
            <subfield code="d">NOS</subfield>
            <subfield code="d">GPO</subfield>
            <subfield code="d">OCLCQ</subfield>
            <subfield code="d">OCLCO</subfield>
            <subfield code="d">OCLCQ</subfield>
            <subfield code="d">OCLCF</subfield>
            <subfield code="d">FUG</subfield>
            <subfield code="d">ORU</subfield>
            <subfield code="d">OCLCO</subfield>
        </datafield>
        <datafield tag="019" ind1=" " ind2=" ">
            <subfield code="a">528790138</subfield>
            <subfield code="a">986717924</subfield>
        </datafield>
        <datafield tag="035" ind1=" " ind2=" ">
            <subfield code="a">(OCoLC)43374716</subfield>
            <subfield code="z">(OCoLC)528790138</subfield>
            <subfield code="z">(OCoLC)986717924</subfield>
        </datafield>
        <datafield tag="042" ind1=" " ind2=" ">
            <subfield code="a">pcc</subfield>
        </datafield>
        <datafield tag="043" ind1=" " ind2=" ">
            <subfield code="a">n-us---</subfield>
        </datafield>
        <datafield tag="050" ind1=" " ind2="4">
            <subfield code="a">VK541</subfield>
            <subfield code="b">.U55 1999</subfield>
        </datafield>
        <datafield tag="074" ind1=" " ind2=" ">
            <subfield code="a">0935-A-03</subfield>
        </datafield>
        <datafield tag="086" ind1="0" ind2=" ">
            <subfield code="a">TD 5.67:SE 1/CD</subfield>
        </datafield>
        <datafield tag="049" ind1=" " ind2=" ">
            <subfield code="a">FCFQ</subfield>
        </datafield>
        <datafield tag="110" ind1="1" ind2=" ">
            <subfield code="a">United States.</subfield>
            <subfield code="b">Coast Guard Auxiliary.</subfield>
            <subfield code="e">author.</subfield>
        </datafield>
        <datafield tag="245" ind1="0" ind2="0">
            <subfield code="a">United States Coast Guard seamanship study aid CD-ROM /</subfield>
            <subfield code="c">prepared by Coast Guard Auxiliary &amp; Coast Guard Reserve.</subfield>
        </datafield>
        <datafield tag="246" ind1="3" ind2="0">
            <subfield code="a">Seamanship study aid CD-ROM</subfield>
        </datafield>
        <datafield tag="264" ind1=" " ind2="1">
            <subfield code="a">Oklahoma City, Oklahoma:</subfield>
            <subfield code="b">The Guard,</subfield>
            <subfield code="c">1999.</subfield>
        </datafield>
        <datafield tag="300" ind1=" " ind2=" ">
            <subfield code="a">1 computer optical disc :</subfield>
            <subfield code="b">sound, color ;</subfield>
            <subfield code="c">4 3/4 in.</subfield>
        </datafield>
        <datafield tag="336" ind1=" " ind2=" ">
            <subfield code="a">text</subfield>
            <subfield code="b">txt</subfield>
            <subfield code="2">rdacontent</subfield>
        </datafield>
        <datafield tag="337" ind1=" " ind2=" ">
            <subfield code="a">computer</subfield>
            <subfield code="b">c</subfield>
            <subfield code="2">rdamedia</subfield>
        </datafield>
        <datafield tag="338" ind1=" " ind2=" ">
            <subfield code="a">computer disc</subfield>
            <subfield code="b">cd</subfield>
            <subfield code="2">rdacarrier</subfield>
        </datafield>
        <datafield tag="516" ind1=" " ind2=" ">
            <subfield code="a">Computer text and graphic data.</subfield>
        </datafield>
        <datafield tag="538" ind1=" " ind2=" ">
            <subfield code="a">System requirements: PC or compatible; Windows operating system; browser; Adobe Acrobat Reader; sound card; CD-ROM drive.</subfield>
        </datafield>
        <datafield tag="538" ind1=" " ind2=" ">
            <subfield code="a">Some files compatible with Macintosh and UNIX systems; system requirements available on disc.</subfield>
        </datafield>
        <datafield tag="500" ind1=" " ind2=" ">
            <subfield code="a">Title from disc label.</subfield>
        </datafield>
        <datafield tag="516" ind1="8" ind2=" ">
            <subfield code="a">ISO 9660 format.</subfield>
        </datafield>
        <datafield tag="500" ind1=" " ind2=" ">
            <subfield code="a">Shipping list no.: 2000-0019-E.</subfield>
        </datafield>
        <datafield tag="500" ind1=" " ind2=" ">
            <subfield code="a">&quot;September 1999.&quot;--container.</subfield>
        </datafield>
        <datafield tag="538" ind1=" " ind2=" ">
            <subfield code="a">Disc characteristics: CD-ROM.</subfield>
        </datafield>
        <datafield tag="520" ind1=" " ind2=" ">
            <subfield code="a">Online versions of various Coast Guard Auxiliary course materials.</subfield>
        </datafield>
        <datafield tag="505" ind1="0" ind2=" ">
            <subfield code="a">Rules of the road study aid -- AUXNAV student study guide -- AUXNAV instructor guide -- Boat crew seamanship manual -- Nautical chart symbols, abbreviations &amp; terms.</subfield>
        </datafield>
        <datafield tag="650" ind1=" " ind2="0">
            <subfield code="a">Navigation</subfield>
            <subfield code="x">Study and teaching</subfield>
            <subfield code="z">United States.</subfield>
        </datafield>
        <datafield tag="650" ind1=" " ind2="0">
            <subfield code="a">Rule of the road at sea</subfield>
            <subfield code="x">Study and teaching</subfield>
            <subfield code="z">United States.</subfield>
        </datafield>
        <datafield tag="650" ind1=" " ind2="0">
            <subfield code="a">Boats and boating</subfield>
            <subfield code="x">Study and teaching</subfield>
            <subfield code="z">United States.</subfield>
        </datafield>
        <datafield tag="650" ind1=" " ind2="6">
            <subfield code="a">Navigation</subfield>
            <subfield code="0">(CaQQLa)201-0106802</subfield>
            <subfield code="x">Étude et enseignement</subfield>
            <subfield code="0">(CaQQLa)201-0106802</subfield>
            <subfield code="z">États-Unis.</subfield>
            <subfield code="0">(CaQQLa)201-0407727</subfield>
        </datafield>
        <datafield tag="650" ind1=" " ind2="6">
            <subfield code="a">Règles de route (Navigation)</subfield>
            <subfield code="0">(CaQQLa)201-0028564</subfield>
            <subfield code="x">Étude et enseignement</subfield>
            <subfield code="0">(CaQQLa)201-0374473</subfield>
            <subfield code="z">États-Unis.</subfield>
            <subfield code="0">(CaQQLa)201-0407727</subfield>
        </datafield>
        <datafield tag="650" ind1=" " ind2="7">
            <subfield code="a">Boats and boating</subfield>
            <subfield code="x">Study and teaching.</subfield>
            <subfield code="2">fast</subfield>
            <subfield code="0">(OCoLC)fst00835223</subfield>
        </datafield>
        <datafield tag="650" ind1=" " ind2="7">
            <subfield code="a">Navigation</subfield>
            <subfield code="x">Study and teaching.</subfield>
            <subfield code="2">fast</subfield>
            <subfield code="0">(OCoLC)fst01035139</subfield>
        </datafield>
        <datafield tag="651" ind1=" " ind2="7">
            <subfield code="a">United States.</subfield>
            <subfield code="2">fast</subfield>
            <subfield code="0">(OCoLC)fst01204155</subfield>
        </datafield>
        <datafield tag="710" ind1="1" ind2=" ">
            <subfield code="a">United States.</subfield>
            <subfield code="b">Coast Guard Reserve.</subfield>
        </datafield>
        <datafield tag="994" ind1=" " ind2=" ">
            <subfield code="a">C0</subfield>
            <subfield code="b">FCF</subfield>
        </datafield>
    </record>
</collection>
